3634 5642
763 602 940 672 ..15-

240 775 485 867 excogitatum,
500 773 561 842 sed
574 773 669 842 omni
685 781 778 843 caret
792 774 1027 860 fundamento,
1037 777 1238 867 praesertim
1254 779 1379 846 cumin
1393 779 1464 847 uni-

241 912 341 961 versa
357 890 582 974 Lucullorum
600 890 701 980 stirpe
722 890 853 958 Aulum
868 911 1076 982 praenomen
1091 892 1218 962 trustra
1235 895 1460 984 quaesiveris.

282 1133 358 1202 XV.
392 1134 494 1200 Anno
522 1131 564 1201 U.
586 1131 622 1200 t'.
650 1131 727 1216 66⁵1,
758 1130 797 1199 L.
823 1129 1003 1218 Lucullus,
1021 1145 1183 1226 quaestor
1210 1147 1357 1220 creatus,
1383 1160 1462 1206 cum

237 1247 277 1316 L.
294 1247 390 1318 Sulla
408 1267 471 1336 pro
496 1247 636 1314 consule
664 1245 708 1314 ad
736 1246 866 1314 bellum
897 1247 1180 1335 Mithridaticum,
1208 1251 1300 1343 quod
1329 1262 1402 1319 tum
1426 1253 1463 1322 in

238 1363 382 1432 Graecia
409 1364 605 1452 gerebatur,
632 1361 807 1454 proiectus
835 1371 899 1432 est.
930 1365 1042 1455 Hujus
1073 1365 1109 1432 in
1141 1367 1280 1436 cohorte
1304 1369 1462 1438 nonnulli

238 1477 396 1547 homines
424 1477 550 1546 literati
579 1476 782 1564 militavere,
815 1478 853 1545 P.
881 1488 914 1546 et
943 1478 978 1548 C.
1007 1479 1104 1565 Selii,
1133 1480 1294 1550 Tetrilius
1328 1485 1461 1574 Rogus,

237 1585 429 1663 Antiochus
449 1593 660 1678 Ascalonita,
681 1593 843 1684 egregius
865 1592 1111 1685 philosophus¹
1130 1617 1138 1678 ;
1160 1597 1284 1687 quibus
1302 1599 1460 1683 Archias,

238 1709 340 1779 solita
350 1732 411 1801 pro
427 1707 690 1791 cousuetudine,
704 1707 848 1799 adjungi
860 1709 998 1776 meruit.
1012 1709 1069 1778 Sic
1085 1709 1192 1801 igitur
1207 1723 1324 1781 noster
1339 1716 1464 1782 multas

240 1826 401 1895 Graeciae
417 1834 451 1892 et
463 1823 614 1892 Orientis
638 1823 813 1913 regiones,
839 1845 925 1915 quas
954 1847 1063 1914 paene
1085 1848 1172 1915 puer
1189 1828 1260 1916 jam
1285 1828 1462 1916 inviserat,

239 1940 383 2010 Lucullo
399 1937 485 2008 duce
496 1960 556 2029 per
571 1949 647 2008 octo
663 1939 733 2008 lere
744 1960 854 2007 annos
864 1939 989 2007 iterum
1002 1939 1172 2010 lustravit.
1186 1942 1272 2010 Nam
1284 1943 1462 2027 Lucullus,

239 2065 435 2148 postquam,
451 2055 546 2124 uelut
561 2065 760 2124 antecursor
773 2054 908 2123 Sullani
923 2054 1105 2138 exercitus,
1118 2057 1291 2126 Aenianes
1306 2064 1340 2127 at
1352 2059 1464 2129 Boeo-

241 2173 325 2240 tiam
352 2169 501 2264 primum
522 2170 708 2262 recepisset
725 2179 749 2254 ¹,
776 2169 950 2260 aliquanto
974 2171 1010 2238 in
1035 2171 1275 2262 Peloponneso
1299 2177 1464 2266 pecuniae

241 2286 418 2356 cudendae
435 2301 575 2376 operam
590 2282 770 2376 impendit,
785 2306 879 2368 mox,
891 2283 1006 2352 media
1019 2284 1132 2353 hieme
1148 2285 1190 2354 ab
1201 2287 1465 2378 imperatore'ad

243 2403 387 2472 classem
419 2401 684 2492 comparandam
711 2401 851 2484 missus,
883 2402 1030 2486 Cretam,
1063 2401 1228 2493 Cyrenas,
1254 2405 1463 2496 Aegyptum,

244 2517 451 2588 Phoeniciae
470 2518 677 2608 Ciliciaeque
701 2517 802 2586 urbes
827 2540 870 2585 ex
892 2517 1011 2585 ordine
1036 2517 1154 2602 adivit,
1180 2519 1306 2609 ubique
1328 2522 1379 2590 rei
1403 2546 1469 2615 pu-

243 2633 353 2704 blicae
370 2633 560 2704 commodis
579 2633 691 2724 magis
714 2655 817 2724 quam
842 2655 956 2700 rerum
981 2631 1201 2702 visendarum
1226 2636 1339 2704 studio
1356 2639 1468 2706 inten-

245 2760 300 2817 tus
318 2757 328 2792 ⁸
346 2773 354 2834 ;
372 2749 602 2818 Alexandriae
617 2759 733 2818 tamen
748 2749 830 2817 dum
845 2747 1019 2838 paulisper
1037 2759 1240 2835 moraretur,
1257 2753 1468 2822 Antiochum

245 2874 279 2932 et
294 2863 506 2934 Heraclitum
522 2864 662 2955 Tyrium
683 2863 906 2954 philosophos
926 2863 1140 2954 disputantes
1158 2865 1278 2936 sedulo
1294 2869 1427 2938 audivit
1442 2873 1465 2940 ⁵.

246 2977 405 3050 Secunda
428 2982 532 3073 hujus
553 2980 633 3048 belli
661 2980 787 3062 hieme,
812 2979 978 3048 Lucullus
1003 2980 1178 3054 ininsula
1207 2982 1318 3075 Cypro
1345 2986 1471 3055 stativa

247 3095 365 3165 habuit
384 3119 392 3180 ;
408 3094 563 3186 proximo
577 3117 661 3164 vere
680 3095 841 3164 Rhodum
866 3095 976 3186 petiit,
993 3095 1108 3186 ibique
1125 3097 1340 3167 Rhodiorum
1360 3102 1470 3170 classe

248 3209 284 3279 in
308 3211 508 3280 societatem
529 3220 679 3302 accepta,
703 3211 819 3302 plures
837 3210 969 3279 insulas
985 3211 1155 3304 urbesque
1169 3214 1312 3284 Asiatici
1331 3217 1472 3300 littoris,

248 3328 370 3414 Coum,
397 3326 559 3414 Cnidum,
581 3325 738 3411 Samum,
766 3327 903 3409 Chium,
931 3326 1165 3419 Colophonen,
1187 3329 1222 3399 vi
1250 3343 1309 3400 aut
1330 3357 1470 3426 persua-

250 3443 345 3513 sione
369 3463 466 3526 usus,
491 3441 631 3532 aregiis
650 3440 832 3533 praesidiis
850 3441 1019 3510 liberavit.
1037 3441 1168 3511 Deinde
1189 3445 1314 3536 oppido
1334 3447 1470 3533 Pitane,

249 3555 306 3628 uhi
322 3569 404 3628 tunc
425 3557 641 3629 Mithridates
656 3556 890 3642 obsidebatur,
907 3557 1217 3648 praeternavigato,
1234 3560 1365 3651 regiam
1384 3564 1471 3632 clas-

250 3696 323 3744 sem
350 3675 404 3743 bis
435 3674 584 3765 iugavit3
617 3672 747 3758 Sullae,
774 3672 934 3741 victrices
959 3672 1075 3763 copias
1102 3697 1122 3742 e
1151 3676 1294 3746 Thracia
1324 3677 1472 3766 ducenti,

243 3798 363 3858 tutum
376 3811 437 3879 per
458 3788 720 3880 Hellespontum
741 3789 921 3877 trajectum
935 3787 1116 3878 praestitit.
1141 3790 1228 3874 Pace
1248 3814 1326 3861 cum
1346 3795 1475 3865 Mithri-

251 3909 328 3973 date
352 3905 442 3974 facta
465 3903 634 3994 rebusque
658 3925 718 3994 per
739 3901 859 3969 Asiam
888 3901 1068 3984 ordinatis,
1094 3903 1192 3973 Sulla
1218 3907 1251 3975 ei
1278 3909 1474 3998 provinciae

252 4011 431 4089 Murenam
459 4040 520 4110 pro
555 4027 711 4110 praetore
739 4016 895 4107 imponit,
930 4017 988 4085 cui
1014 4040 1076 4108 pro
1105 4031 1288 4110 quaestore
1318 4024 1476 4118 adjungit

252 4136 450 4206 Lucullum.
480 4135 545 4204 Hic
574 4134 746 4227 reliquum
773 4132 883 4203 civilis
912 4133 993 4202 belli
1026 4157 1065 4204 ac
1095 4137 1255 4207 Sullanae
1287 4140 1475 4212 dictaturae

290 4404 315 4458 1.
335 4403 403 4470 Cia,
418 4404 509 4459 Accd.
523 4405 627 4474 prior,
643 4403 677 4472 ll,
694 4419 730 4473 ro,
746 4401 777 4458 11
788 4421 794 4467 ;
807 4419 837 4474 n,
853 4404 878 4459 l.

287 4485 316 4539 2.
337 4482 512 4550 Plutarchus,
532 4485 616 4553 Sall,
640 4484 684 4540 11.
701 4483 769 4539 Vide
784 4483 987 4556 inscriptionem
1002 4485 1156 4544 Aenianum
1178 4487 1251 4563 apud
1275 4489 1475 4568 Dittenherger,

255 4564 375 4635 Syllcqr,
392 4583 419 4622 n.
434 4566 497 4626 256.

290 4644 317 4699 3.
339 4641 426 4714 Ρ1υ1.,
442 4646 519 4713 Luc,
534 4645 562 4700 2.

293 4725 318 4782 l.
339 4723 396 4780 Cic.
411 4727 511 4793 Aroe„
523 4727 626 4796 pstor,
642 4725 731 4794 ll,1v,
748 4725 842 4781 11-12.
