3634 5642
798 625 975 689 ..21-

273 816 379 888 penes
406 791 644 884 quaestionem
679 788 986 856 extraordinariam
1016 799 1132 872 erant,
1165 814 1254 882 quae
1282 801 1376 874 tunc,
1409 793 1499 861 sicut

273 911 426 1002 reliquae
440 906 673 1000 quaestiones,
686 927 728 972 ex
742 905 973 988 senatoribus,
991 906 1177 998 equitibus,
1195 908 1335 976 aerariis
1351 910 1498 978 tribunis

274 1025 451 1096 constabat
465 1048 474 1108 ;
490 1021 707 1115 praesidebat
725 1031 840 1089 autem
856 1022 959 1089 modo
982 1032 1130 1113 praetor,
1152 1025 1256 1094 modo
1271 1025 1379 1116 judex
1393 1048 1498 1117 quae-

275 1143 409 1211 stionis.
421 1139 567 1210 Archiae
576 1137 745 1230 judicium
760 1138 915 1205 exercuit
931 1138 1005 1228 ipse
1017 1139 1058 1221 Q.
1068 1139 1199 1224 Cicero,
1219 1141 1324 1209 frater
1337 1143 1497 1226 oratoris,

274 1257 334 1350 qui
361 1266 435 1325 tum
458 1265 620 1347 praetura
644 1253 864 1342 fungebatur,
892 1254 1073 1344 egregium
1096 1279 1155 1323 reo
1180 1279 1281 1324 omen
1304 1258 1359 1325 vel
1383 1258 1500 1348 potius

276 1374 525 1464 adjumentum,
554 1369 834 1462 qnandoquidem
866 1370 1015 1452 Quintus
1039 1381 1071 1438 et
1095 1371 1169 1462 ipse
1191 1381 1331 1461 φιλέλλην
1358 1382 1443 1456 erat,
1466 1384 1500 1440 et

274 1489 467 1558 carminum
489 1497 623 1555 amator
636 1507 772 1554 necnon
794 1485 887 1554 haud
911 1487 1125 1576 spemeudus
1148 1498 1279 1574 auctor,
1295 1499 1391 1557 tanta
1420 1489 1500 1557 scri-

274 1603 380 1672 bendi
409 1602 572 1670 facultate
603 1599 778 1691 praeditus
803 1609 843 1666 ut
871 1609 1033 1690 quattuor
1062 1601 1256 1690 tragoedias
1290 1603 1410 1672 diebus
1442 1627 1501 1671 xvi

275 1719 520 1788 absolveret¹z
547 1716 655 1806 igitur
672 1721 912 1805 αὖτπχεδιαστὴς
934 1713 1181 1804 uiroc-pediam.
1208 1718 1306 1788 Dicta
1327 1729 1380 1786 est
1398 1741 1503 1787 causa

274 1857 402 1926 magna
417 1833 651 1915 contentione,
664 1831 799 1921 ingenti
817 1832 1034 1923 optimatium
1047 1841 1083 1900 et
1096 1833 1276 1902 hominum
1285 1835 1502 1904 literatorum

275 1971 457 2019 concmsu.
475 1946 669 2016 Adstabant
679 1945 828 2014 Archiae
835 1946 1016 2015 clarissimi
1027 1948 1177 2037 patroni,
1193 1949 1343 2031 Luculli,
1359 1949 1501 2033 Metelli,

276 2065 371 2149 Cato,
400 2073 442 2133 tr.
470 2064 577 2154 pleb,
603 2065 702 2154 cujus
726 2084 883 2129 sororem
904 2063 944 2130 L.
972 2064 1141 2131 Lucullus
1163 2064 1308 2132 duxerat
1318 2065 1343 2131 ².
1364 2064 1503 2132 Gratius

275 2205 348 2249 rem
378 2180 498 2271 paucis
524 2179 663 2246 videtur
689 2177 879 2246 absolvisse
907 2199 915 2244 :
946 2179 1223 2247 Heracliensium
1252 2180 1500 2263 testimonium,

275 2297 422 2365 Archiae
453 2295 704 2388 professionem
732 2293 769 2361 in
798 2293 941 2362 dubium
965 2296 1101 2363 vocavit
1129 2319 1138 2378 ;
1172 2289 1307 2364 tabula's
1330 2297 1502 2365 censorias

274 2412 486 2504 postulavit;
504 2411 679 2479 contendit
688 2433 786 2478 reum
807 2411 1042 2500 superioribus
1055 2412 1156 2480 annis
1175 2435 1219 2479 ne
1237 2412 1346 2502 ipsius
1361 2413 1501 2503 quidem

271 2529 403 2620 judicio
424 2528 459 2595 in
477 2550 622 2595 numero
649 2526 777 2595 civium
797 2528 928 2602 fuisse;
954 2528 1102 2618 denique
1128 2528 1272 2595 miratus
1291 2540 1343 2596 est
1369 2551 1430 2597 cur
1449 2531 1504 2597 vir

275 2644 468 2714 consularis
503 2643 614 2711 infimi
650 2643 874 2734 ejusdemque
909 2644 1081 2734 peregrini
1110 2655 1231 2732 poetae
1269 2647 1500 2735 patrocinium

278 2761 451 2852 suscipere
465 2783 535 2828 uon
551 2759 785 2828 dubitavisset.
798 2759 925 2828 Contra
940 2759 1058 2828 Cicero
1071 2767 1124 2850 (ut
1141 2771 1340 2830 assueverat
1357 2764 1505 2852 quoties-

277 2900 423 2968 cumque
438 2898 578 2944 causam
595 2876 794 2965 ambiguam
817 2876 872 2944 vel
896 2887 1090 2966 suspectam
1108 2878 1279 2967 tractaret)
1298 2876 1448 2944 breviter
1462 2877 1504 2944 de

274 2996 364 3084 jure,
390 3015 455 3061 uec
482 2993 594 3060 fusius
623 2992 664 3059 de
694 2993 785 3060 facto
809 2991 984 3060 disseruit.
1012 2993 1100 3060 Rem
1125 3002 1290 3083 tanquam
1314 3003 1442 3060 certam
1471 3003 1505 3060 et

277 3109 418 3177 minime
439 3108 622 3199 ancipitem
647 3107 763 3199 potius
786 3107 940 3176 narravit
957 3131 1061 3198 quam
1083 3108 1260 3199 probavit;
1288 3119 1502 3200 argumenta,

276 3247 512 3318 quaecumque
535 3223 695 3306 habebat,
713 3223 823 3291 obiter
846 3233 881 3290 et
893 3224 992 3314 quasi
1012 3224 1190 3292 fastidiose
1206 3224 1348 3314 protulit
1364 3245 1373 3291 :
1390 3225 1505 3314 legem

276 3341 460 3424 Plautiam,
476 3340 713 3408 anctoritatem
728 3339 1016 3425 Heracliensium,
1032 3340 1269 3408 testimonium
1289 3341 1335 3407 Μ.
1353 3341 1502 3424 Luculli,

275 3457 405 3528 Metelli
430 3455 578 3538 tabulas,
607 3455 755 3545 denique
781 3478 884 3524 usum
910 3455 1058 3522 civitatis
1079 3455 1280 3524 diuturnum
1295 3467 1330 3524 et
1345 3457 1504 3524 omnibus

274 3572 504 3664 perspicuum.
527 3570 595 3638 Sed
613 3570 649 3637 in
674 3570 804 3639 Archia
827 3570 1064 3654 describendo,
1090 3570 1276 3656 laudando,
1307 3572 1503 3641 extollendo

277 3686 408 3755 diutius
423 3687 628 3754 immoratus
652 3693 716 3754 est.
743 3685 899 3753 Primum
912 3685 1004 3754 enim
1028 3686 1189 3753 maximis
1213 3710 1293 3754 eum
1312 3688 1503 3778 praesentis

275 3805 330 3872 vel
343 3802 548 3896 praeteritae
559 3801 680 3870 aetatis
695 3801 805 3893 poetis
819 3801 990 3893 aequavit,
1001 3813 1038 3870 ut
1052 3803 1218 3870 sentirent
1227 3826 1348 3872 omnes
1358 3803 1502 3892 dignum

280 3942 356 3988 esse
372 3920 475 3986 talem
489 3919 603 3985 virum
614 3917 826 4008 quibuslibet
849 3918 1051 4002 honoribus,
1069 3919 1189 4003 immo,
1204 3919 1232 3985 si
1248 3919 1403 3987 nondum
1417 3920 1502 3986 civis

276 4036 455 4105 Romanus
484 4043 590 4116 esset,
624 4033 740 4100 statim
777 4033 905 4100 civitati
934 4034 1207 4103 adsciscendum.
1235 4035 1381 4117 Deinde,
1408 4034 1504 4101 velut

277 4158 481 4240 argumento
511 4172 575 4217 suo
603 4147 778 4239 abreptus,
810 4147 940 4215 omisso
963 4148 1101 4230 Archia,
1133 4149 1225 4240 ipsas
1258 4149 1403 4233 litteras,
1428 4150 1505 4240 ipsa

276 4264 482 4366 humaniora
492 4264 618 4346 studia,
632 4263 662 4330 si
676 4264 737 4354 qui
752 4264 863 4331 adhuc
875 4262 1105 4332 obtrectarent
1116 4266 1145 4347 ³,
1156 4265 1321 4333 acerrime
1334 4275 1368 4332 et
1380 4269 1504 4356 jncun-

282 4443 364 4497 qunm
387 4443 436 4498 per
454 4425 602 4481 triennium
628 4433 736 4480 rexerat
757 4424 841 4497 (Cic,
862 4427 908 4480 Ad
927 4427 1009 4492 sam,
1030 4425 1063 4488 ll,
1084 4444 1130 4492 xv,
1149 4427 1186 4494 Ι),
1210 4434 1273 4482 ante
1292 4426 1346 4482 kal.
1368 4426 1432 4482 blei.
1452 4427 1506 4482 696

276 4504 405 4560 discessit
419 4505 476 4576 (Ad
488 4507 562 4574 Art„
579 4504 628 4570 ΙΙΙ,
644 4521 683 4570 tx,
700 4503 736 4573 l).

313 4586 339 4640 l.
356 4583 426 4647 cic„
440 4586 486 4640 Ad
501 4587 532 4650 0.
547 4587 673 4652 fratrem,
689 4584 737 4652 ΙΙΙ,
757 4601 796 4650 vr,
809 4587 837 4640 7.

311 4667 339 4720 2.
355 4668 410 4720 Pro
425 4666 539 4732 Archia,
556 4666 602 4730 tx,
617 4666 663 4720 22

313 4746 340 4808 3,
356 4745 445 4800 Accd.
452 4745 742 4820 prior.,ll,u,5:stmt
751 4747 823 4800 enim
830 4746 911 4801 multi
922 4747 970 4818 qui
980 4749 1091 4802 omnim
1101 4765 1214 4818 praeces
1222 4767 1275 4804 non
1285 4756 1376 4808 ament
1384 4752 1500 4810 litteras.
