3670 5634
805 593 983 662 ..39-

282 759 460 836 fastidiosa
484 770 522 832 ut
546 782 722 842 sensuum,
745 762 794 836 ita
811 781 975 832 sonorum
1000 759 1225 831 similitudine
1254 781 1372 833 eurem
1397 761 1503 830 olien-

284 879 379 958 duut.
399 881 467 955 Nee.
481 881 592 972 magis
606 880 771 970 probandi
783 889 862 994 sunt
876 881 914 948 hi
929 899 1070 948 versus:

501 1077 578 1144 κῦμα
593 1065 802 1146 πολυψάμμους
816 1059 872 1129 ὦσε
884 1059 909 1128 α’
925 1065 970 1128 ἐπὶ
985 1064 1130 1144 ψαμάθους
1141 1063 1192 1128 ¹...

502 1175 614 1250 πότνια,
629 1167 708 1236 ταῦθ’
725 1176 753 1234 αἱ
767 1173 812 1235 σαὶ
828 1175 871 1236 σοί
886 1175 969 1235 θέσαν
987 1171 1129 1255 ἐργάτιδες
1139 1164 1191 1237 ’...

503 1284 541 1360 μή
558 1302 632 1353 τινος
645 1273 725 1342 ἀλλὰ
741 1278 772 1343 σὺ
786 1292 821 1364 σῇ
839 1282 947 1359 πότμον
961 1279 1033 1364 ἕλῃς
1045 1278 1167 1364 παλάμῃ
1179 1278 1200 1340 ¹.
1209 1327 1231 1342 ..

281 1469 319 1528 ut
334 1460 401 1532 elie
418 1458 574 1552 ejusdem
589 1459 719 1531 farinae
737 1459 893 1529 omittam
917 1481 1004 1551 quae
1022 1459 1243 1532 festinantem
1262 1460 1433 1532 calamum
1449 1463 1505 1530 vel

281 1598 400 1644 aurem
430 1575 545 1646 miuus
574 1583 756 1666 purgatam
789 1574 974 1647 declarant.
1002 1573 1137 1644 Verbis·
1158 1575 1368 1666 compositis,
1391 1578 1503 1663 novis,

281 1714 400 1784 parum
415 1690 551 1760 usitatis
579 1690 826 1761 ultramodum
846 1691 968 1775 utitur,
986 1712 1133 1781 quorum
1153 1699 1233 1758 sunt
1250 1692 1420 1784 exempla,
1433 1694 1506 1784 jam

281 1806 424 1875 eSuida
445 1815 575 1889 notata,
595 1808 736 1896 ἀρπέδων,
756 1815 954 1892 nottepulle,
971 1812 1165 1895 τριτάνυστος,
1182 1819 1350 1893 noemma,
1368 1816 1501 1897 βιαρκής,

281 1923 462 2013 δειραχθήςῇ
478 1921 602 2014 quibus
625 1921 730 1991 addas
746 1924 899 2012 ἀρρηστής,
917 1944 1037 1993 vooem
1060 1943 1131 1990 non
1156 1931 1256 1992 antea
1270 1933 1469 2015 usurpatam
1481 1927 1505 2009 ⁵,

282 2039 428 2133 denique
447 2036 610 2128 Hesychii
626 2036 778 2128 glossam
798 2058 806 2110 :
826 2043 955 2126 ψαυστά·
976 2042 1093 2124 ψαιστά,
1118 2034 1252 2126 Ἀρχίας,
1273 2058 1315 2108 ex
1331 2036 1506 2128 deperdito

282 2154 411 2225 scilieet
438 2153 495 2228 vel
521 2157 681 2242 corrupto
708 2152 872 2223 carmine.
900 2150 1077 2222 Dialeotus
1103 2151 1134 2220 ei
1165 2152 1366 2244 plerumque
1395 2153 1504 2243 epioe,

281 2269 467 2354 interdum,
480 2267 681 2359 praesertim
696 2267 732 2340 in
748 2266 926 2351 bucolicis,
940 2265 1088 2350 donisel,
1104 2266 1195 2358 quod
1210 2256 1404 2355 argumenti
1419 2268 1506 2337 ratio

281 2383 486 2476 postulabat.
505 2383 640 2458 Passim
661 2382 817 2466 Homeri,
839 2381 992 2466 Pindari,
1009 2381 1172 2472 Aeschyli
1188 2381 1331 2453 laciniae
1347 2381 1506 2452 sedulum

281 2510 436 2574 veterum
453 2506 632 2590 poetarum
652 2497 815 2570 lectorem
832 2495 986 2568 iudicant
1001 2503 1035 2565 et
1056 2495 1230 2566 illustrant
1251 2495 1506 2587 quodammodo

283 2614 457 2688 Ciceronis
482 2613 617 2689 verba:
646 2637 734 2704 potue
758 2624 914 2682 accurate
943 2611 1155 2703 copitateqoe
1186 2610 1368 2702 erepsisset
1394 2635 1434 2679 eo
1460 2613 1508 2680 sia

279 2730 419 2824 probari
447 2740 486 2796 ut
516 2728 564 2798 od
589 2739 740 2808 oetemlm
767 2728 971 2820 scriptorum
1003 2726 1140 2796 laudem
1164 2727 1356 2818 perveniret
1373 2737 1395 2795 ⁷.
1412 2707 1506 2817 ajus-

281 2846 375 2915 modi
405 2854 486 2920 suut
504 2847 689 2936 juncturae
716 2843 898 2912 verborum
923 2844 1021 2932 ἁγλαὰ
1048 2843 1159 2934 δῶρα“,
1186 2851 1296 2912 εἴδωλα
1321 2851 1467 2928 καμόντων
1481 2844 1505 2928 ⁹,

281 2964 449 3032 teatensem
468 2963 622 3050 pelleum,
639 2970 783 3050 onelpopu
797 2965 950 3048 δράκοντος
961 2959 998 3042 ¹¹,
1012 2959 1099 3027 aliae
1116 2980 1201 3048 quas
1216 2958 1252 3025 in
1267 2979 1409 3026 censum
1427 2959 1506 3027 dare

280 3077 418 3168 longius
432 3088 535 3147 esset.
553 3077 623 3164 Neo
635 3086 752 3145 tamen
766 3096 900 3166 semper
914 3095 1001 3164 quae
1016 3083 1193 3142 mutuetur
1212 3075 1313 3164 plene
1329 3073 1504 3162 intelligit,

282 3193 373 3284 quod
387 3193 511 3268 eccidit
526 3200 643 3262 nostro
659 3191 695 3263 in
712 3213 815 3264 versu
829 3192 852 3226 ¹¹

591 3358 665 3444 νήπι’
681 3359 797 3448 Ἔρως,
814 3367 926 3448 πορθεῖς
942 3386 978 3442 με
990 3364 1021 3428 τὸ
1033 3367 1169 3446 κρήγυον.

316 3595 342 3648 1.
356 3592 443 3648 Asello.
456 3592 529 3657 eat,
545 3589 605 3658 Vll,
620 3590 687 3647 211.

314 3673 342 3732 2.
361 3671 405 3742 Vl,
422 3672 469 3728 39.

315 3755 343 3814 3.
363 3751 424 3819 Vll,
440 3752 501 3810 117.
1146 3795 1149 3805 .

315 3833 342 3888 4.
362 3832 487 3901 t1‚2tt7;
503 3829 635 3901 ³9;192;
652 3831 701 3896 16;
718 3831 779 3889 179.
791 3831 862 3887 Sunt
878 3831 946 3886 haeo
960 3829 1053 3886 omnia
1063 3826 1130 3886 aeae
1145 3822 1262 3893 εἰρημένα
1271 3827 1313 3882 vel
1329 3825 1424 3885 saltem
1436 3845 1506 3896 quae

280 3912 353 3986 apud
369 3912 523 3984 superiores
543 3917 639 3984 poetes
659 3927 713 3970 non
731 3916 885 3975 occurrant,
901 3916 1009 3983 praeter
1023 3926 1117 3972 vocem
1141 3907 1279 3972 σκοπιήτης
1302 3924 1383 3980 quam
1404 3908 1508 3974 hebent

276 3993 332 4066 jam
355 3992 482 4047 Roianus
506 3998 533 4046 et
556 3989 709 4063 Antipater.
729 3989 790 4046 Alia
813 4007 882 4064 quae
904 3989 1004 4048 Snidas
1027 3988 1134 4044 notavit
1158 3988 1314 4058 (χερμαδίον,
1333 3984 1505 4054 ἀντίφθογγον,

280 4073 409 4140 κέρτομος,
424 4071 542 4138 ἀντῳδὸς,
559 4069 690 4138 deputeris,
705 4073 782 4142 ete),
797 4071 865 4126 nihil
881 4069 985 4127 hebent
998 4067 1183 4125 memorabile.

313 4153 341 4207 5.
357 4148 418 4219 Vll,
433 4151 497 4217 211,
512 4167 539 4210 v.
555 4151 583 4206 5.

312 4234 342 4288 6.
357 4230 404 4301 Vl,
420 4231 465 4298 39,
480 4230 552 4300 207;
570 4229 629 4299 Vll,
645 4231 706 4298 191,
726 4231 779 4287 213
791 4249 799 4295 ;
812 4227 861 4301 ΙΧ,
876 4231 946 4300 750;
962 4232 1037 4302 App.
1054 4231 1152 4298 Plan„
1169 4231 1231 4286 179.

313 4313 341 4370 7.
358 4309 427 4378 Cio,
447 4312 501 4366 Pro
516 4309 631 4382 Arellio,
646 4310 721 4386 vlll,
740 4311 786 4378 18.

313 4391 340 4449 8.
356 4388 404 4459 Vl,
419 4391 472 4446 207
486 4407 517 4438 =
531 4393 578 4460 11.,
593 4391 615 4460 Ι,
625 4391 688 4448 213.

312 4473 340 4530 9.
356 4469 417 4537 Vll,
432 4470 467 4526 68
481 4487 512 4516 =
525 4471 587 4539 Oet..
601 4471 648 4539 xl,
664 4472 727 4528 475.

313 4551 357 4606 10.
373 4548 421 4616 Vl,
436 4549 488 4612 192
501 4567 531 4598 =
546 4549 640 4620 Pina,
654 4551 746 4622 Ppllt.³
759 4549 795 4624 ΙΙ,
810 4551 855 4607 80.

314 4630 357 4686 11.
374 4626 421 4700 Vl,
437 4630 490 4686 207
503 4648 534 4677 =
548 4631 663 4699 Aeson,
677 4631 804 4705 comple..
819 4630 882 4693 246.

316 4709 359 4768 12.
376 4710 411 4780 V,
424 4709 471 4769 58.
