3658 5640
857 643 1034 712 ..48-

332 812 506 883 Ciceronis
526 810 611 879 haec
626 813 726 879 sunt¹
745 831 752 878 :
773 809 926 902 Populus
949 831 1109 877 romanus
1123 809 1269 900 aperuit,
1290 807 1433 879 Lucullo
1449 809 1556 902 impe·

329 941 438 1012 rante,
457 931 601 996 Pontum
623 939 657 994 et
678 926 778 1017 repiis
800 924 975 1016 quondam
999 924 1119 1015 opibus
1140 927 1265 1020 etipsa
1280 938 1407 994 natrcra
1422 928 1556 1018 eprepie

331 1045 510 1114 uallatum.
541 1041 668 1134 Populi
693 1041 829 1110 romani
854 1040 1166 1126 eructuantem
1194 1040 1291 1124 duce,
1312 1065 1378 1110 non
1405 1043 1556 1109 macoma

332 1184 450 1240 manu,
469 1157 729 1228 imzumerabiles
752 1157 993 1225 Armeniorum
1016 1157 1130 1248 copias
1148 1156 1254 1248 fudit.
1278 1154 1402 1250 Populi
1423 1158 1560 1226 romani

333 1276 408 1345 laus
428 1287 475 1344 est
499 1274 617 1343 urbem
641 1271 884 1342 amicissimam
910 1273 1154 1363 Cyzicenorum
1176 1272 1328 1364 ejusdem
1353 1273 1489 1342 consilio
1516 1297 1558 1342 cu

335 1391 428 1460 omui
442 1381 572 1482 impetu
591 1388 684 1480 cepio
708 1401 812 1481 atque
832 1412 849 1458 e
869 1387 972 1457 totius
992 1387 1071 1458 belli
1091 1412 1146 1457 ore
1165 1413 1206 1457 ac
1224 1389 1386 1480 saucibus
1410 1401 1560 1480 creptam

334 1530 401 1577 esse
426 1519 530 1598 atquc
549 1520 730 1575 servatam.
750 1507 874 1574 Nostra
890 1527 1022 1598 semper
1033 1507 1163 1596 serettu
1186 1518 1220 1573 et
1236 1503 1501 1595 praedicabitur,
1523 1509 1558 1572 t.

336 1623 478 1693 Lucullo
508 1622 706 1702 dimicante,
738 1644 816 1689 cum
846 1621 1032 1711 intersectis
1058 1621 1200 1690 ducibus
1229 1622 1384 1714 depressa
1413 1621 1561 1690 bostium

339 1739 451 1808 classis
469 1751 503 1808 et
516 1737 722 1808 incredibilis
743 1737 841 1832 apud
863 1737 1030 1806 Tenedum
1043 1761 1165 1830 pupna
1185 1737 1246 1805 illa
1267 1738 1397 1807 reovalis
1418 1750 1561 1806 :nostra

334 1868 416 1924 sunt
447 1868 599 1945 tropaea,
627 1868 741 1922 nostru
762 1865 991 1937 monumento,
1014 1854 1120 1922 nostri
1140 1853 1316 1946 triumphi.
1347 1853 1409 1920 His
1431 1853 1557 1934 verbis,

337 1971 417 2040 licet
432 1980 626 2063 temporum
639 1969 795 2041 ordinem
809 1991 930 2061 parum
946 1970 1173 2054 servantibus,
1188 1969 1274 2038 mihi
1288 1969 1444 2060 persuasi
1459 1991 1560 2062 argu·

339 2096 492 2186 mentum
512 2087 617 2155 totius
639 2085 797 2154 Archiaci
819 2085 981 2154 carminis
1000 2085 1049 2155 ita
1071 2085 1216 2178 exprimi
1235 2095 1273 2153 ut
1296 2085 1444 2176 singulis
1461 2085 1558 2153 libris

341 2204 500 2294 singulae
534 2203 722 2272 sententiae
757 2201 996 2292 respondeant.
1031 2203 1148 2272 Primo
1183 2202 1289 2295 igitur
1322 2201 1409 2272 libro
1442 2201 1556 2293 (quem

343 2321 460 2389 Cicero
481 2318 582 2388 tertio
599 2318 675 2388 loco
693 2318 820 2411 posuit)
842 2317 977 2387 initium
997 2317 1091 2402 belli,
1114 2319 1212 2386 fusus
1235 2318 1327 2408 apud
1346 2316 1561 2387 Calchedona

339 2435 509 2504 exercitus
537 2433 656 2504 Cottae
685 2434 884 2504 summatim
911 2434 1178 2518 memorabatur,
1208 2457 1290 2503 mox
1314 2453 1370 2503 res
1397 2452 1560 2502 romanae

338 2551 472 2620 Lrtculli
490 2550 626 2619 consilio
643 2550 832 2634 restitutae,
849 2561 881 2619 et
898 2549 979 2619 urbs
1001 2550 1247 2643 Cyzicenorum
1262 2575 1279 2619 ε
1295 2549 1376 2619 tettt
1388 2573 1443 2619 ore
1461 2560 1561 2640 atque

337 2666 498 2758 soricibus
515 2676 641 2758 erepta.
662 2666 840 2737 Secundus
859 2665 945 2734 liber
965 2675 1057 2735 totus
1073 2675 1145 2736 erat
1163 2667 1200 2736 in
1221 2665 1362 2759 proeliis
1382 2663 1561 2736 navalibus

340 2781 536 2874 pingendis,
563 2783 671 2852 altero
692 2781 782 2875 apud
805 2781 984 2851 Tenedum
1008 2782 1076 2874 (vel
1102 2783 1216 2874 potius
1240 2783 1457 2853 Achaeorum
1482 2803 1560 2872 por-

341 2908 414 2966 tum
425 2899 450 2988 ²)
466 2897 525 2966 ubi
540 2898 705 2967 tredecim
719 2898 834 2990 regias
848 2899 1111 2990 quinqueremes
1127 2921 1147 2968 a
1161 2899 1305 2969 Lucullo
1324 2921 1454 2968 mersas
1471 2919 1561 2966 com-

340 3014 505 3105 perimus,
527 3015 635 3084 altero
657 3015 748 3106 apud
766 3015 916 3083 insulam
929 3019 1023 3098 Νέας,
1039 3015 1074 3083 in
1092 3037 1159 3105 quo
1179 3015 1349 3106 interfecti
1363 3012 1450 3104 repii
1462 3013 1562 3080 dctces

342 3139 376 3198 et
393 3130 550 3222 depressa
562 3131 628 3199 fuit
641 3131 786 3200 bostium
802 3131 927 3200 classis.
946 3131 1059 3201 Tertio
1073 3132 1159 3201 libro
1178 3131 1360 3200 Ponticum
1377 3150 1522 3223 regnum
1543 3151 1563 3196 a

337 3247 481 3317 Lucullo
520 3261 677 3340 apertum
713 3258 747 3317 et
780 3258 985 3339 occupatum
1019 3247 1234 3333 narrabatur,
1265 3246 1436 3340 proelium
1476 3245 1565 3336 apud

338 3363 470 3446 Cubita,
497 3364 581 3453 fuga
605 3365 826 3450 Mithridatis,
850 3365 1024 3457 regiarum
1047 3364 1210 3455 pellicum
1229 3362 1402 3448 interitus,
1428 3360 1565 3462 urbium

340 3478 486 3570 denique
506 3479 728 3549 Ponticarum
748 3481 968 3574 expugnatio.
987 3480 1136 3563 Quartus
1158 3479 1368 3570 ultimusque
1388 3477 1474 3546 liber
1494 3475 1566 3544 bel·

339 3594 411 3663 lum
428 3595 674 3666 Armeniacum
691 3596 886 3666 continebat
901 3606 934 3665 et
949 3595 1097 3666 maxime
1111 3619 1266 3689 pugnam
1279 3595 1567 3684 Tigranocerten-

242 3801 247 3812 ι
340 3733 414 3778 sem
438 3709 496 3780 ubi
512 3711 679 3780 Lucullus
696 3735 765 3781 non
780 3715 934 3782 monimo
954 3736 1072 3798 manu,
1096 3712 1227 3782 scilicet
1249 3735 1331 3780 xxiv
1353 3708 1562 3790 cohortibus

338 3827 600 3896 innumerabiles
609 3829 845 3898 Armeniorum
858 3830 984 3922 copias,
999 3829 1128 3898 scilicet
1138 3825 1558 3904 ccxxvmilliahominum,

341 3965 407 4011 ase
424 3944 518 4012 tusas
530 3943 751 4034 gloriabatur.
765 3946 871 4017 Vides
882 3967 973 4014 nunc
988 3967 1091 4037 quam
1106 3944 1219 4037 lepide
1237 3943 1353 4013 omnia
1367 3941 1560 4024 concinant,

340 4061 512 4151 quomodo
524 4060 709 4153 unicuique
721 4062 807 4133 libro
817 4063 993 4155 proprium
1006 4071 1258 4155 argumentum,
1269 4059 1563 4150 circumscriptum

340 4198 379 4245 ac
399 4175 463 4245 sibi
480 4176 666 4262 sufficiens,
685 4177 877 4270 subjectum
900 4180 955 4263 sit,
973 4201 1077 4270 quam
1094 4178 1240 4248 feliciter
1261 4177 1408 4269 denique
1432 4175 1468 4243 in
1493 4174 1564 4242 sin-

338 4290 430 4382 gulis
449 4291 545 4360 libris
569 4293 666 4362 locus
688 4305 721 4364 et
741 4295 873 4362 ornatio
884 4294 1019 4364 fabulae
1032 4304 1219 4380 mutentur,
1231 4294 1323 4384 quod
1345 4290 1566 4384 permittebat

338 4402 404 4472 hoc
414 4403 603 4490 bellum,ut
616 4407 733 4476 Cicero
747 4407 805 4494 ait,
820 4409 930 4476 multa
942 4408 1105 4485 varietate
1117 4421 1204 4477 terra
1215 4408 1371 4499 morique
1381 4417 1563 4478 uersatum.

376 4609 402 4665 1.
422 4611 477 4667 Pro
492 4613 608 4684 Archia,
625 4613 671 4684 IX,
685 4616 730 4674 21.

371 4691 399 4750 2.
419 4691 449 4745 Id
465 4691 597 4764 proelium
616 4696 715 4764 (plut,
729 4700 813 4764 Luc.,
829 4696 883 4767 12;
904 4697 1043 4767 Memnon,
1059 4715 1083 4757 c.
1099 4696 1143 4770 42)
1157 4695 1382 4769 distinguendum
1397 4699 1440 4752 est
1460 4693 1494 4750 ab
1513 4689 1565 4748 alio

339 4770 368 4826 in
383 4771 480 4827 iisdem
497 4773 563 4829 tocis
583 4791 600 4830 a
618 4774 721 4832 Triario
736 4777 892 4848 commisso,
913 4779 946 4834 de
964 4795 1019 4851 quo
1034 4777 1096 4835 vide
1111 4779 1225 4842 Mamm,
1241 4777 1289 4834 48.
