3634 5642
845 625 1023 696 ..22-

286 770 296 796 ⁹
321 795 463 863 dissime
479 796 650 878 defendit;
668 796 840 887 poeticam
851 797 1055 887 praesertim
1066 787 1418 877 facultatemsaac‘tcs
1425 809 1544 888 poetas

319 912 370 1002 (ut
387 911 517 978 Ennius
535 911 667 980 dixerat
678 913 702 1003 ¹)
719 911 841 980 cantici
863 912 899 980 in
921 911 1063 980 modurn
1086 894 1282 991 celebravit,
1305 933 1388 980 sane
1403 931 1493 982 novo
1509 925 1544 980 et

317 1028 352 1094 in
369 1025 509 1118 judiciis
531 1037 612 1095 tunc
641 1029 741 1118 plane
766 1027 922 1096 inaudito
945 1026 1081 1096 dicendi
1103 1049 1229 1116 genere
1243 1030 1267 1094 ¹.
1292 1029 1446 1119 Denique
1462 1029 1542 1098 ulti-

317 1166 413 1211 mum
427 1143 540 1211 locum
556 1142 670 1232 attigit
685 1166 751 1235 quc
776 1144 934 1216 homines
958 1144 1145 1229 Romanoa,
1172 1143 1226 1212 vel
1247 1143 1350 1212 rudes
1376 1154 1410 1213 et
1430 1143 1541 1236 impc-

315 1258 413 1341 litae,
449 1257 575 1326 certius
604 1279 640 1326 se
669 1269 922 1328 commoturum
954 1259 1181 1329 confidebat:
1218 1280 1371 1328 amoram
1408 1259 1539 1330 scilicet

310 1365 458 1466 patriae.
482 1374 644 1442 Archiam
661 1375 755 1443 enim
773 1374 922 1442 ostendit
946 1395 1047 1443 omne
1072 1375 1224 1443 studium
1246 1382 1346 1466 atqua
1361 1374 1539 1466 ingenium
1656 1409 1658 1414 ¹

314 1490 357 1558 ad
383 1491 548 1582 populum
573 1492 778 1575 Romanum,
803 1491 907 1560 duces
933 1491 1120 1574 Romanos,
1148 1491 1307 1575 Marium,
1336 1487 1533 1574 Lucullum,

313 1605 471 1674 versibus
498 1606 670 1674 ornandos
695 1605 882 1675 contulisse
909 1629 917 1692 ;
948 1606 1160 1698 quinetiam
1190 1607 1322 1692 Cicero,
1353 1628 1414 1674 suo
1441 1627 1538 1674 more

314 1721 464 1810 ingenue
493 1721 679 1812 gloriosus,
702 1722 768 1790 hoc
790 1721 854 1790 sihi
874 1721 973 1790 illum
1001 1721 1150 1792 maxime
1169 1721 1340 1813 placuisse
1359 1723 1541 1791 cantitetur

314 1837 405 1927 quod
424 1859 563 1906 carmen
578 1837 618 1906 de
640 1837 749 1928 ipsius
769 1837 949 1906 consulatu
965 1837 1111 1906 scrihere
1129 1837 1279 1905 instituit
1295 1859 1302 1906 :
1320 1859 1425 1929 quam
1440 1859 1536 1916 suam

311 1953 488 2043 ingentem
515 1953 725 2044 posteritatis
754 1952 952 2042 cupidinem
979 1952 1223 2022 illustrissimis
1253 1953 1419 2043 exemplis
1447 1955 1536 2022 tueri

311 2077 466 2151 conatur,
485 2069 615 2140 scilicet
631 2068 802 2161 Scipionis
814 2069 981 2152 Africani,
1001 2070 1042 2137 D.
1060 2069 1172 2153 Bruti,
1195 2069 1309 2137 Fulvii
1333 2068 1533 2152 Nobilioris,

311 2182 421 2265 Marii,
443 2183 573 2265 Sullae,
595 2184 725 2254 Metelli
741 2182 808 2266 Pii,
824 2183 971 2275 denique
995 2183 1144 2274 (mireris
1164 2183 1322 2252 advocati
1347 2184 1536 2274 solertiam)

310 2295 419 2385 ipsius
440 2295 595 2386 Pompeii
619 2297 748 2386 Magni,
766 2319 786 2365 a
804 2321 872 2389 quo
887 2321 996 2388 nuper
1009 2298 1252 2391 Theophanem
1277 2299 1532 2390 Mitylenaeum,

310 2433 426 2479 rerum
451 2413 526 2501 ejus
542 2411 756 2503 scriptoram,
777 2414 814 2482 in
836 2414 987 2485 militum
1011 2415 1183 2498 contione,
1210 2413 1347 2482 civitate
1372 2415 1535 2496 donatum

310 2527 501 2598 constabat.

352 2760 448 2832 XXI.
474 2761 597 2830 Exitus
618 2783 741 2830 causae
759 2783 829 2831 non
856 2783 1017 2854 expresse
1039 2762 1184 2830 traditus
1205 2771 1269 2847 est,
1294 2763 1394 2832 facile
1419 2773 1534 2834 tamon

307 2861 512 2966 conjicitur,
528 2877 678 2960 Quinam
704 2878 796 2946 enim
815 2878 950 2966 judices
974 2886 1024 2947 tot
1054 2876 1226 2969 tantisque
1255 2879 1306 2948 rei
1329 2880 1533 2964 fautoribus,

309 2990 350 3073 Q.
360 2992 515 3061 Ciceroni
530 2993 691 3084 praesidi,
709 2994 755 3063 M.
771 2994 927 3063 Ciceroni
943 2993 1108 3062 advocato
1124 3017 1195 3062 non
1208 2994 1413 3065 cessissent?
1425 2996 1536 3086 Igitur

310 3107 473 3176 Archiam
490 3131 560 3177 non
580 3118 650 3177 tam
670 3110 878 3191 ahsolutum,
905 3131 1008 3201 quam
1035 3133 1095 3202 per
1119 3109 1183 3178 hoc
1205 3110 1376 3202 judicium
1405 3112 1534 3181 civitati

308 3245 470 3292 romanae
499 3223 681 3311 adscitum,
703 3236 913 3312 statuamus;
935 3225 1027 3317 quod
1043 3225 1146 3295 etiarn
1162 3226 1230 3294 alic
1252 3226 1378 3296 indicio
1395 3227 1534 3298 demon-

310 3348 446 3408 stratur.
473 3343 559 3410 Nam
582 3341 611 3409 si
629 3363 708 3410 reus
725 3364 829 3410 causa
852 3343 1044 3426 cecidisset,
1062 3343 1191 3428 statim,
1212 3342 1401 3412 secundum
1419 3344 1534 3434 legem

309 3454 464 3546 Papiam,
491 3457 533 3524 ah
556 3456 647 3527 Urhe
671 3459 899 3528 removendus
924 3463 1024 3542 erat3
1048 3466 1176 3542 contra,
1201 3457 1402 3550 insequente
1428 3481 1531 3546 anno,

307 3568 469 3637 Archiam
499 3591 617 3639 secure
650 3572 782 3641 Romae
819 3571 955 3663 degisse
985 3579 1131 3640 testatur
1164 3571 1340 3642 Ciceronis
1372 3571 1530 3664 epistola,

307 3703 426 3750 mense
445 3683 582 3753 circiter
599 3684 690 3754 Maio
706 3683 749 3753 ad
767 3684 922 3756 Atticum
944 3686 1102 3778 scripta³,
1119 3687 1156 3754 in
1175 3709 1243 3779 qua
1256 3695 1386 3774 noster,
1403 3688 1533 3760 omisso

310 3799 462 3867 carmine
477 3799 648 3882 Tulliano,
667 3801 902 3870 Caecilianam
923 3802 1081 3896 sedulam
1104 3803 1263 3880 meditari
1279 3803 1414 3872 dicitur.
1439 3805 1534 3874 Adeo

309 3914 366 4005 (ut
396 3924 449 3983 est
478 3914 607 3984 Italicis
640 3916 676 3984 in
698 3917 897 4010 proverbio)
923 3927 1127 4012 tempestate
1159 3921 1277 3990 sedata
1304 3923 1379 4012 jam
1404 3929 1530 3990 nautae

308 4051 439 4098 numen
463 4053 535 4100 non
561 4032 648 4100 assis
676 4032 849 4102 faciunt‘t
879 4034 1012 4104 Exinde
1041 4034 1082 4104 de
1109 4036 1237 4106 Archia
1261 4037 1357 4104 nulla
1384 4036 1532 4128 amplius

344 4262 370 4318 l.
395 4261 508 4331 Ennius,
529 4263 562 4322 fr.
582 4268 636 4326 539
660 4270 833 4344 (Baehrens).
859 4267 901 4327 Cl.
925 4269 1016 4342 ipsum
1037 4267 1175 4338 Archiam,
1201 4268 1532 4340 Anat.Pat.‚1x,ata,

308 4342 511 4414 praedicantem
526 4361 534 4400 t
549 4352 603 4416 ἱρὸν
614 4346 772 4403 &astaritae
787 4354 876 4416 ἔτυμον
891 4355 970 4420 γένος.

342 4423 370 4479 2.
386 4421 475 4479 locus
490 4430 534 4480 est
552 4424 598 4497 qui
613 4422 708 4497 incipit
724 4441 731 4478 :
748 4425 823 4480 Sana
837 4431 863 4480 ct
876 4428 1037 4484 solitudines
1051 4431 1110 4484 ccci
1123 4429 1298 4499 respondeat.
1315 4435 1381 4497 etc,
1398 4431 1455 4486 Hoc
1466 4447 1531 4486 ean-

306 4501 390 4557 ticum
405 4501 590 4570 Quintilianus
605 4520 687 4576 saepe
701 4503 795 4560 laudat
809 4503 855 4576 (V,
871 4522 900 4575 ιι,
915 4509 969 4576 25;
986 4508 1058 4576 Vlll,
1075 4526 1113 4576 m,
1128 4509 1180 4575 75;
1196 4509 1243 4577 lx,
1260 4528 1295 4578 ιν,
1312 4509 1347 4564 ll
1357 4528 1365 4579 3
1377 4509 1426 4576 ΧΙ,
1442 4527 1461 4578 ι,
1476 4512 1531 4581 34;

305 4583 331 4649 3,
350 4583 422 4655 167),
437 4585 577 4640 Ausonius
591 4583 714 4639 imitatus
729 4591 781 4648 est,
795 4585 861 4656 Ep,
876 4587 922 4652 29,
938 4587 1045 4660 Peiper.

340 4663 366 4721 3.
381 4663 1530 4745 Acatt.‚1,xv1‚laetodiustuneabsolutuseratouintusprotecticnemparabat.

340 4745 366 4798 4.
380 4745 494 4800 Passatc
509 4747 531 4800 a
541 4746 675 4818 periculo,
690 4747 806 4816 pabtuto
820 4748 842 4802 a
855 4753 946 4804 santo.
