3670 5634
854 628 1032 696 .ag-

331 801 441 868 rarius
457 798 687 889 consequitur.
699 798 774 882 Cui,
790 798 938 888 exempli
956 797 1080 887 gratia,
1092 796 1288 887 noninapta
1300 795 1456 868 videatur
1469 797 1555 870 haec

331 915 484 984 clausula
499 913 757 1004 epigrammatis
772 914 807 982 in
824 913 976 984 cicadam
992 934 1012 981 a
1028 911 1181 982 formicis
1197 912 1409 984 confectam¹
1433 939 1440 982 :

448 1082 520 1146 Non
535 1093 657 1166 captam
672 1087 767 1144 miror
782 1085 981 1167 :piscandum
998 1083 1171 1163 aenigmate
1186 1090 1295 1163 coptus
1365 1145 1367 1150 ,

528 1181 716 1258 Maeonides,
732 1184 876 1265 ptartccpc
891 1181 1047 1258 carminis,
1064 1181 1130 1262 ipae
1143 1179 1234 1261 suit?

330 1338 421 1422 Quid
435 1337 527 1405 enim
542 1337 694 1405 Homero
709 1359 788 1405 cum
802 1337 944 1406 cicada?
960 1339 1123 1407 Ceterum
1139 1336 1176 1404 in
1191 1337 1399 1406 carminibus
1415 1337 1553 1408 aliunde

330 1454 487 1543 sumptis,
514 1462 552 1520 ut
574 1463 788 1544 argumenta,
817 1453 865 1521 ita
887 1453 1076 1521 sententias
1101 1475 1141 1521 ac
1165 1453 1270 1521 verba
1294 1475 1394 1542 saepe
1417 1459 1555 1526 mutua-

331 1577 384 1634 tus
409 1577 482 1645 est;
513 1590 599 1659 quac
629 1565 669 1634 de
693 1589 755 1635 suo
779 1567 921 1659 adjecit,
947 1568 1119 1636 rhetorem
1140 1567 1251 1659 magis
1280 1590 1382 1659 quam
1415 1579 1553 1661 poetam

330 1683 477 1774 sapiunt.
496 1684 592 1752 Solet
614 1706 748 1774 quoque
767 1683 954 1751 sententias
975 1685 1083 1752 ferme
1100 1683 1192 1751 idem
1214 1682 1461 1774 significantes,
1479 1684 1554 1775 ple-

327 1822 473 1890 rumque
500 1808 615 1866 ternas
646 1821 801 1880 numero,
829 1800 1065 1883 accumulare,
1090 1800 1140 1868 ita
1168 1810 1206 1867 ut
1231 1798 1411 1867 materiem
1438 1799 1554 1890 potins

330 1917 512 1983 extendere
539 1937 642 2004 quam
670 1913 878 2004 'amplificare
909 1913 1076 1984 videatur.
1108 1915 1225 2008 Neque
1253 1912 1330 1982 idco
1354 1915 1554 2003 negaverim

329 2031 511 2122 aliquando
533 2031 583 2098 illi
607 2031 795 2122 ingenuam
818 2029 1074 2120 simplicitatem
1100 2030 1321 2112 successisse,
1349 2033 1448 2121 cujus
1466 2031 1554 2121 opti-

329 2168 423 2213 mum
440 2145 614 2236 specimen
632 2145 772 2235 praehet
785 2168 920 2213 carmen
938 2145 971 2213 in
988 2145 1150 2235 Priapum
1166 2144 1407 2235 Bosporanum
1419 2145 1442 2230 ²,
1460 2149 1555 2216 Τοῦδε

329 2267 365 2346 μὲ
384 2269 611 2348 apocalama...
635 2260 811 2328 Interdum
837 2261 940 2328 etiam
963 2260 1128 2352 assurgit,
1153 2261 1248 2328 velut
1269 2260 1303 2326 in
1321 2261 1468 2329 heroicis
1486 2262 1556 2353 epi-

328 2375 528 2466 grammatis
544 2376 584 2443 de
601 2379 705 2466 Ajace
720 2388 753 2443 et
766 2398 847 2467 apro
865 2376 1055 2467 Calydonio
1068 2379 1161 2467 ³jam
1175 2399 1279 2467 supra
1292 2376 1376 2444 mihi
1391 2376 1552 2446 laudatis.

329 2490 396 2558 Sed
413 2491 477 2559 hoc
492 2514 585 2574 raro;
607 2491 743 2583 saepius
758 2513 889 2559 vacuus
904 2502 957 2559 est
971 2513 1011 2560 ac
1028 2492 1195 2577 tumidus,
1215 2502 1249 2560 et
1265 2491 1554 2584 sesquipedalium

330 2607 575 2674 vocabulorum
601 2607 738 2674 inanem
763 2607 915 2674 sonitum
938 2630 1000 2699 pro
1023 2607 1249 2700 amplitudine
1272 2608 1391 2692 hahet3
1417 2610 1555 2698 saepius

329 2723 452 2806 oratic,
480 2721 638 2812 epithetis
665 2731 806 2790 onerata
830 2723 944 2812 potius
974 2746 1078 2814 quam
1102 2732 1235 2808 ornata,
1262 2745 1336 2791 rem
1365 2723 1554 2816 simplicem

329 2839 498 2906 immenso
523 2838 706 2906 verborum
731 2838 887 2920 circuitu,
911 2839 948 2906 in
972 2839 1178 2928 aenigmatis
1204 2838 1357 2920 modum,
1385 2841 1552 2924 enuntiat,

329 2953 434 3021 veluti
452 2976 532 3022 cum
546 2954 685 3026 hamum
703 2952 884 3044 piscatoris
899 2954 994 3026 hisce
1011 2954 1125 3024 verbis
1141 2954 1414 3028 circumscribit‘
1432 2982 1440 3024 ε

575 3131 744 3215 ...morphea
758 3135 887 3220 χαίτῃσιν
905 3124 946 3214 ἐφ’
962 3134 1085 3218 ἱππείῃσι
1100 3131 1220 3211 πεδηθὲν

574 3240 737 3323 ἄγκιστρον,
756 3242 870 3322 κρυφίην
885 3237 1030 3302 εἰναλίοισι
1045 3239 1150 3321 πάγην.

330 3400 421 3482 Quid
434 3400 490 3467 his
508 3399 654 3485 doctius,
674 3400 756 3495 qnid
776 3398 925 3492 ineptius
940 3398 1049 3489 possit
1066 3399 1276 3492 excogitari?

373 3631 417 3698 X.
444 3633 609 3721 Superest
636 3641 675 3702 ut
703 3633 744 3702 de
773 3631 966 3702 elocutione
994 3653 1033 3700 ac
1058 3631 1211 3704 numeris
1239 3617 1350 3724 pa'uca
1380 3634 1552 3725 adjiciam.

330 3749 439 3816 Nemo
461 3748 607 3816 Archiae
632 3770 757 3837 purum
784 3756 885 3838 atque
910 3747 1104 3839 elegantem
1120 3771 1328 3834 sermonem,
1345 3772 1448 3819 nemo
1475 3774 1556 3843 pro·

330 3864 440 3930 fluens
456 3863 617 3954 quiddam
642 3872 675 3930 et
699 3885 862 3930 canorum
888 3863 1072 3948 invidebit,
1099 3887 1298 3958 quanquam
1329 3865 1363 3933 in
1392 3865 1555 3935 iterandis

328 3978 505 4046 vocabulis
530 4000 568 4046 ae
595 3999 758 4046 versuum
782 3978 946 4046 clausulis
972 4002 1041 4048 non
1063 3999 1198 4070 semper
1214 3981 1299 4049 vitat
1320 3980 1555 4073 reprehensio·

329 4117 420 4162 nem.
447 4093 548 4178 Quod
571 4117 694 4185 genus,
714 4094 750 4161 in
775 4093 1021 4184 epigrammate
1050 4093 1195 4164 disticho
1221 4099 1260 4164 In
1276 4099 1467 4181 Amorem³‚
1485 4097 1554 4170 duo

328 4210 533 4300 pentametri
548 4211 597 4278 ita
611 4209 803 4279 desinentes
824 4231 831 4278 :
849 4210 949 4296 μηκέτ’
968 4212 1046 4300 ἀφεὶς
1064 4220 1185 4301 γλυφίδα
1201 4221 1234 4280 et
1248 4213 1349 4298 μηκέτ’
1364 4222 1442 4302 ἔχοις
1457 4215 1552 4298 ἀκίδα,

364 4421 834 4491 ammmstnmmm

362 4503 699 4652 {hffimmnm

362 4663 529 4730 amma

360 4743 498 4812 anm
