3634 5642
874 631 1030 700 ..6-

337 802 513 894 hospitalis
525 802 665 870 nomina
679 801 886 884 decoratam,
899 800 1125 891 largirentur:
1137 819 1201 866 neo
1214 796 1327 864 iuerat
1339 793 1403 862 boc
1416 792 1559 862 inusita-

337 927 410 985 tum
427 918 584 986 Pindaris
598 918 653 985 val
668 914 924 1000 Simonidibus3
944 915 1084 1007 ingenis
1105 924 1238 984 tantum
1254 912 1556 1004 degeneraverunt.

381 1149 441 1216 VI.
468 1149 531 1216 His
553 1149 671 1238 igitur,
689 1157 727 1217 ut
747 1150 796 1218 ita
811 1150 934 1234 dicam,
952 1150 1129 1220 Musarum
1147 1147 1362 1216 institoribus
1383 1146 1558 1215 aemulum

337 1285 413 1332 sese
428 1262 586 1354 adjunxit
601 1265 756 1334 Archias.
782 1265 945 1334 Crederes
970 1287 1061 1348 eum,
1081 1272 1199 1355 utpote
1222 1263 1348 1354 Syrum
1367 1271 1401 1330 et
1422 1266 1559 1353 μιξοόάρ-

336 1387 432 1468 tepor,
452 1379 639 1450 fastidiosis
663 1370 927 1472 Graeculis,'qui
942 1404 1006 1449 sua
1024 1388 1157 1448 tantum
1176 1377 1399 1458 mirabantur,
1417 1400 1558 1470 suspec-

335 1502 409 1560 tum
422 1494 590 1578 evasisse;
604 1495 691 1564 banc
704 1517 786 1566 vero
798 1496 954 1589 iniquam
965 1495 1163 1588 opinionem
1182 1494 1292 1585 potuit
1305 1493 1419 1563 verbis
1434 1494 1558 1565 Melea-

334 1609 399 1702 gri,
416 1611 591 1702 popularis
608 1611 660 1679 sui
676 1619 710 1679 et
725 1613 891 1703 aequalis,
908 1613 957 1680 ita
970 1611 1146 1680 refellere¹
1165 1633 1173 1680 ε

453 1813 530 1877 Sum
544 1814 655 1898 Syrus,
673 1826 704 1878 et
720 1817 796 1898 quid
812 1821 900 1880 tum?
914 1817 1046 1882 muudus
1059 1819 1166 1882 domus
1184 1816 1323 1880 omuibus
1336 1819 1411 1890 ‘uum

536 1913 636 1976 Unum
651 1935 752 1982 omues
766 1917 881 1998 penult,
898 1917 1011 1997 frater,
1027 1917 1116 1978 imaue
1133 1915 1243 1984 Cbcos.

376 2107 570 2198 Utcumque
585 2130 640 2178 res
660 2108 796 2185 cecidit,
814 2106 951 2180 videtur
972 2107 1118 2179 Archias
1139 2108 1311 2178 minorem
1326 2126 1413 2198 quae
1435 2105 1557 2180 dicitur

331 2224 448 2291 Asiam
480 2223 725 2319 Graeciamque
754 2231 873 2309 totam,
903 2223 1037 2314 ingenti
1066 2224 1191 2319 ubique
1220 2223 1336 2291 levore
1369 2231 1402 2290 et
1431 2223 1555 2314 plausu

333 2349 509 2430 exceptus,
522 2339 773 2428 peragravisse.
791 2339 885 2422 Quas
899 2338 1119 2430 potissimum
1133 2319 1234 2408 urbes
1247 2338 1405 2410 inviserit
1418 2361 1487 2406 non
1504 2348 1556 2406 est

330 2453 516 2539 traditum;
541 2464 630 2522 certe
657 2475 766 2548 usque
794 2453 997 2548 Byzantium
1022 2453 1230 2544 processisse
1255 2476 1334 2527 eum
1358 2453 1457 2521 doe'et
1483 2453 1554 2550 epi-

332 2591 489 2662 gramma
504 2570 596 2667 quod
611 2568 750 2661 optimis
769 2572 844 2668 ejus
860 2569 1070 2642 carminibus
1082 2573 1159 2664 jure
1175 2575 1439 2642 annumeratur*
1456 2592 1464 2638 :

451 2764 519 2827 Hor
536 2775 650 2827 nautae
667 2768 700 2827 iu
714 2765 852 2849 scopulo,
869 2785 958 2848 quem
972 2765 1111 2827 uerberat
1126 2765 1221 2839 uude,
1241 2765 1395 2848 Priapum
1493 2820 1498 2831 ,

488 2875 489 2878 ’
535 2863 699 2928 Custodem
716 2864 743 2926 Τ
741 2865 841 2930 brucis
856 2886 902 2930 me
913 2881 1045 2948 posuere
1060 2864 1144 2944 freti,

450 2962 588 3026 Aduem'u
602 2964 713 3038 fautor
727 2965 801 3046 quia
814 2983 905 3048 rucpe
920 2963 1097 3026 uocantibus
1111 2962 1178 3042 illis

415 3121 421 3131 ,
531 3061 656 3124 Leniter
670 3070 701 3122 et
714 3061 892 3144 Zephyrum
903 3061 1065 3147 puppibus
1079 3061 1235 3122 admoveo.

454 3159 653 3244 Quapropter
669 3161 771 3222 meriti
785 3180 944 3242 uunquam
960 3159 1078 3225 uideris
1090 3179 1183 3242 epeuu
1198 3169 1252 3232 est,

530 3257 602 3318 Nou
615 3267 704 3319 uocat
720 3277 738 3318 a
754 3259 855 3318 seruis
871 3257 1002 3339 floribus
1017 3277 1073 3318 ura
1087 3257 1163 3317 mibi
1178 3277 1188 3317 :

449 3355 580 3438 Semper
596 3357 670 3418 odor
684 3365 777 3435 utque
791 3357 872 3438 ipuis
886 3356 983 3430 adest,
1002 3375 1073 3416 uam
1083 3353 1187 3438 pluris
1198 3354 1342 3429 *bonores

532 3454 630 3529 Quam
646 3465 771 3516 centena
787 3454 876 3515 boum
890 3452 979 3526 collo,
999 3453 1045 3514 dii
1058 3454 1192 3534 faciunt.

353 3689 451 3781 'vlt
478 3713 555 3781 Jam
577 3723 809 3801 veronoster,
837 3715 909 3783 sive
933 3714 1084 3783 novitate
1109 3720 1241 3808 ceptus,
1267 3708 1430 3804 seu'quia
1452 3715 1554 3783 turba

330 3829 591 3920 competitorum
603 3829 762 3920 quaestui
773 3828 942 3917 obstabat,
956 3831 1085 3898 omissa
1101 3829 1244 3900 Graecia
1254 3829 1390 3921 petebat
1401 3829 1549 3901 Italiam.

329 3945 509 4035 Paulisper
533 3965 612 4012 eum
634 3944 759 4034 Magna
778 3945 922 4014 Graecia
944 3945 1101 4027 detinuit,
1118 3967 1205 4036 quae
1222 3967 1282 4014 cra
1295 3945 1372 4014 inde
1394 3968 1413 4012 a
1430 3945 1553 4040 Pyrrhi

331 4069 364 4128 et
376 4059 580 4128 Hannibalis
594 4061 805 4152 temporibus
816 4059 980 4128 continuo
997 4061 1214 4144 defloruerat,
1227 4068 1387 4129 ettamen
1397 4071 1553 4129 veterum

330 4175 456 4244 artium
470 4175 795 4268 disciplinarumque
812 4177 910 4266 quasi
925 4177 1127 4245 memoriam
1139 4187 1172 4246 et
1189 4177 1412 4246 simulacrum
1426 4177 1551 4245 retine-

330 4292 398 4360 bat.
422 4290 474 4359 Ibi
495 4291 600 4376 enim,
619 4291 773 4360 barbarie
785 4294 859 4381 jam
883 4292 1000 4360 omnia
1015 4291 1142 4362 nircum
1161 4293 1348 4378 obtinente,
1362 4292 1550 4372 Tarentini,

366 4515 392 4568 1.
408 4515 492 4568 Antt.
505 4515 578 4584 Pal„
595 4513 655 4579 Vll,
671 4516 742 4570 417:
761 4509 792 4565 Et
807 4515 832 4566 δὲ
847 4514 936 4579 Σύρος,
957 4513 979 4565 ri
999 4516 1027 4566 rb
1047 4519 1145 4580 θαῦμα;
1167 4513 1235 4578 μίαν,
1252 4516 1311 4575 ξένε,
1332 4515 1440 4584 πατρίδα
1453 4516 1551 4580 κόσμον

329 4593 441 4657 Ναίομεν
454 4614 459 4625 ·
474 4597 498 4644 ἓν
514 4587 617 4653 θνατοὺς
631 4595 726 4653 πάντας
741 4595 822 4646 ἔτικτε
835 4595 914 4653 Χάος.

363 4675 391 4730 2.
412 4675 498 4730 Autt.
519 4676 590 4742 Pet,
615 4677 682 4745 X,7
703 4675 866 4748 (versionem
888 4675 1044 4731 Gratianum
1064 4675 1198 4750 adhibui).
1226 4675 1328 4732 Graeca
1352 4675 1412 4734 vida
1436 4675 1507 4733 infra
1522 4676 1549 4731 in

327 4755 497 4831 Appendice,
514 4766 545 4809 n⁰
558 4754 601 4813 13.
