3634 5642
804 661 957 729 ..r-

270 823 410 914 Regini,
424 823 639 916 Neapolitani
659 825 729 893 fere
739 826 803 898 soli
812 849 971 916 graecam
979 827 1146 916 linguam,
1160 827 1368 898 Graecorum
1378 851 1492 898 mores

271 949 305 1008 et
320 939 480 1011 instituta
493 940 657 1009 tenaciter
671 942 852 1011 servabant
868 944 891 1027 ¹,
914 965 1109 1033 quanquam
1128 945 1319 1030 Tarentini,
1335 945 1373 1014 C.
1392 947 1493 1016 Grac-

271 1055 325 1124 chi
340 1063 464 1139 aetate,
483 1056 651 1126 coloniam
668 1078 846 1126 romanam
869 1060 1094 1148 receperant'
1120 1081 1207 1148 quae
1223 1059 1388 1149 separatis
1405 1061 1492 1149 legi-

270 1171 469 1250 busvixisse
482 1172 628 1243 videtur.
642 1173 685 1240 Hi
696 1173 810 1264 itaque
822 1183 889 1244 tres
899 1174 1030 1266 populi,
1044 1175 1231 1264 antiquitus
1243 1174 1369 1260 mimia
1384 1176 1491 1261 scriis,

263 1287 362 1360 ludis
377 1287 598 1360 vehementer
616 1287 722 1360 dediti
740 1288 764 1371 ³,
785 1287 921 1357 felicem
937 1286 1077 1377 ingenio
1092 1293 1324 1376 αὐτοσχεδιαστήν
1341 1289 1492 1358 muneri-

271 1404 335 1476 bus
351 1412 385 1474 et
407 1403 582 1476 benefieiis
605 1403 886 1479 cumulaverunt;
916 1402 1020 1473 etiam
1045 1402 1180 1473 civitate
1196 1403 1293 1472 illum
1312 1403 1495 1474 donavisse

271 1521 428 1594 seruntur
437 1519 460 1601 ⁴,
476 1519 566 1609 quod
576 1528 610 1588 at
620 1518 974 1594 Locrenseslecerunt
983 1520 1006 1584 ⁵.
1019 1517 1181 1590 Pluribus
1193 1519 1279 1588 locis
1292 1520 1340 1588 ita
1349 1521 1492 1602 censeri,

272 1644 311 1710 ut
326 1657 468 1706 romano
480 1633 553 1725 juri
569 1635 734 1710 alienum,
751 1635 801 1707 sic
814 1634 954 1705 Graecis
970 1633 1236 1704 usitatissimum
1247 1635 1366 1712 fuisse,
1379 1658 1495 1708 exem·

272 1749 337 1842 plis
354 1750 437 1824 satis
453 1772 623 1840 superque
643 1750 845 1840 probatur⁸;
864 1750 958 1822 aliud
981 1760 1096 1819 tamen
1118 1759 1171 1818 est
1194 1750 1286 1842 quod
1311 1751 1495 1824 dubitatio-

272 1888 352 1937 ucm
366 1875 491 1937 movet.
511 1867 582 1934 Fae
608 1865 696 1934 enim
718 1889 839 1936 revera
858 1865 1023 1934 Archiam
1042 1866 1320 1944 Tarentinorum,
1346 1867 1496 1956 Reginc-

271 2001 361 2061 rum,
377 1979 698 2070 Neapolitanorum,
710 1978 937 2052 Locrensium
946 1977 1074 2052 tabulis
1086 1979 1295 2070 adscriptum
1306 1979 1412 2048 fuisse
1424 1980 1496 2072 (qui

273 2116 392 2168 omnes
407 2094 496 2162 inter
506 2093 700 2167 foederatos
711 2095 857 2185 populos
867 2094 1150 2183 recensebantur)
1167 2096 1190 2180 ³,
1204 2095 1262 2187 qui
1278 2095 1316 2162 fit
1326 2105 1364 2166 ut
1376 2105 1496 2187 postea

272 2209 463 2282 certissimo
478 2210 544 2278 hoc
562 2232 625 2277 suo
645 2212 724 2301 jure
740 2211 788 2277 uti
805 2210 955 2278 noluerit
978 2219 1012 2280 et
1036 2208 1078 2282 ad
1105 2209 1197 2279 solas
1221 2210 1495 2280 Heracliensium

272 2324 405 2398 tabulas
418 2322 628 2412 confugerit,
645 2345 732 2414 quas
746 2321 837 2401 hello
854 2322 973 2392 sociali
997 2321 1198 2391 combustas
1223 2345 1326 2392 nemo
1350 2334 1423 2393 erat
1438 2326 1495 2416 qui

271 2440 441 2508 nesciret?
464 2438 691 2530 Quapropter,
709 2439 765 2512 vel
784 2439 925 2512 omnine
942 2438 1098 2508 Ciceroni
1113 2439 1197 2506 fides
1215 2438 1416 2528 deneganda
1431 2449 1495 2522 est,

271 2556 325 2628 vel
335 2554 451 2648 potius
465 2553 749 2644 distinguendum
763 2553 851 2626 inter
860 2554 999 2645 plenam
1011 2576 1196 2646 veramque
1219 2554 1391 2625 civitatem
1407 2557 1497 2646 ejus-

272 2693 338 2766 que
354 2692 481 2744 vanam
498 2670 697 2760 imaginem.
717 2670 802 2744 Cum
819 2669 911 2738 enim
922 2669 1076 2744 Graeculi
1087 2668 1293 2740 vilissimum
1312 2693 1494 2764 quemque,

272 2781 375 2858 etiarn
399 2780 552 2853 scenicos
576 2780 735 2864 artifices,
758 2779 900 2851 honoris
926 2801 1030 2856 causa
1060 2779 1097 2851 iu
1112 2779 1283 2848 civitatem
1305 2779 1496 2848 adsciscere

244 2987 247 2992 Ι
271 2897 562 2982 consuevissenu,
576 2895 677 2966 credo
693 2896 873 2987 plerosque
887 2894 935 2962 ita
949 2894 1093 2963 donatos
1103 2916 1216 2986 neque
1227 2893 1354 2961 tabulis
1369 2892 1496 2968 civium

271 3013 460 3104 adscriptos
486 3013 606 3098 fuisso,
629 3035 741 3104 neque
772 3013 878 3083 ullius
904 3011 1057 3084 muneris
1074 3011 1201 3102 publici
1217 3011 1324 3080 fuisse
1354 3033 1496 3102 capaces

272 3130 373 3222 (quod
383 3130 585 3198 Aristoteles
599 3129 748 3201 maxime
759 3128 886 3197 civium
898 3150 973 3196 esse
986 3127 1161 3220 proprium
1174 3127 1385 3218 existimati.
1397 3127 1495 3197 Unde

271 3248 360 3319 litut
375 3247 451 3335 lege
466 3245 602 3318 Plautia
617 3244 766 3335 Papiria,
784 3268 852 3336 qua
867 3267 949 3317 mcx
966 3244 1052 3312 socii
1067 3243 1178 3313 Italici
1195 3242 1366 3314 civitatem
1382 3266 1495 3315 rema-

273 3381 354 3428 nam
368 3358 481 3451 adepti
500 3366 591 3442 sunt,
611 3360 676 3432 soli
697 3359 863 3449 adscripti
876 3358 968 3428 cives
984 3357 1157 3447 expressis
1173 3357 1288 3427 verbis
1304 3357 1347 3429 ad
1362 3359 1428 3426 hoc
1438 3361 1496 3449 jus

271 3483 463 3545 vocentur:
490 3472 615 3566 quibus
640 3474 754 3543 verbis
782 3481 889 3543 totam
913 3472 1002 3547 banc
1032 3470 1168 3541 turbam
1198 3471 1413 3543 semieivium
1439 3473 1496 3562 (sit

272 3589 374 3666 venia
387 3589 477 3680 voci)
493 3589 692 3662 ahenelicio
707 3587 795 3680 legis
814 3588 939 3664 diserte
955 3585 1090 3655 excludi
1106 3585 1346 3676 intelligimus.

309 3878 335 3932 1.
355 3877 465 3942 Strabo,
479 3876 527 3942 VI,
544 3895 563 3943 ι,
579 3878 606 3933 2.

306 3960 334 4014 2.
353 3957 474 4014 Velleius
488 3956 655 4023 Patercutus,
667 3957 687 4020 1,
703 3973 750 4023 xv,
766 3957 791 4018 i.
808 3956 851 4014 CI.
865 3955 995 4022 Plinium,
1009 3954 1162 4025 111‚x1,aa;
1173 3953 1403 4025 Strabonem,Vl,
1420 3958 1494 4022 uad.

308 4039 335 4098 3.
355 4037 522 4104 Athenaeus,
536 4036 557 4102 I,
573 4053 600 4108 p.
617 4039 633 4094 4
651 4038 689 4106 D;
706 4055 733 4110 p.
751 4038 784 4094 19
797 4037 828 4094 F.

309 4119 335 4173 I.
355 4119 408 4172 Pro
420 4115 533 4182 Archia,
545 4115 593 4184 III,
608 4117 640 4171 5.

309 4198 335 4253 5.
355 4199 407 4252 Pro
421 4197 535 4261 Archia,
551 4195 583 4263 V,
601 4197 644 4251 10.

308 4278 335 4332 6.
356 4275 461 4344 Cicero,
473 4279 526 4334 Pro
541 4275 633 4341 Balbo,
648 4277 710 4343 XII,
726 4277 770 4336 30.

309 4361 335 4416 7,
357 4356 499 4428 Polybius,
517 4356 538 4424 I,
552 4359 567 4409 7
584 4356 629 4427 (de
643 4355 769 4427 Reginis)
783 4375 789 4424 ;
806 4355 827 4420 1,
836 4358 872 4411 20
883 4355 928 4428 (de
939 4355 1121 4411 Locrensibus
1132 4353 1378 4428 etNeapclitanis);
1392 4354 1496 4423 Cicera,

274 4441 328 4494 Pro
342 4437 432 4504 Balbo,
451 4435 522 4502 VIII,
535 4436 588 4500 213
605 4435 704 4504 XXIV,
719 4437 770 4503 55,
786 4436 879 4492 Limne
895 4435 988 4494 multis
1004 4435 1082 4494 locis.

309 4518 336 4573 8.
357 4514 442 4570 Aliter
452 4513 630 4586 judicandum
645 4521 687 4570 est
697 4515 730 4569 de
741 4514 949 4570 Atheniensium
961 4515 1157 4570 consuetudma
1170 4531 1250 4588 quam
1266 4513 1372 4570 irrisere
1390 4515 1497 4573 Aristo-

275 4596 391 4668 phanes,
407 4594 614 4660 Demosthenes,
632 4595 802 4650 Automedon
818 4595 914 4660 (Anti.
926 4596 998 4662 Pet,
1009 4594 1057 4666 XI,
1068 4596 1142 4669 319).

311 4675 339 4733 9.
359 4673 530 4744 Aristoteles,
546 4676 666 4742 Potitia,
683 4674 731 4742 III,
745 4692 764 4744 1,
783 4676 809 4733 I.
