3670 5634
775 664 951 730 ..59-

249 833 335 911 gitur
351 833 432 892 haec
449 851 470 893 a
485 831 712 893 meretricibus
733 831 874 893 dedicari
894 830 933 891 ad
955 830 1117 910 legitImos
1142 832 1339 910 hymenaeos
1363 852 1480 894 convo·

248 939 410 1014 lantibus,
440 937 526 999 unde
554 937 673 1000 dicitur
693 942 806 1000 Venus
828 937 1027 1017 γαροστὰλος.
1051 973 1090 982 -
1111 938 1148 997 V.
1175 958 1202 1000 a.
1232 940 1479 1003 Hemisticbium

250 1055 351 1136 ῥύτορα
362 1053 541 1132 κεκρύφαλον
551 1046 653 1110 babes
668 1049 766 1108 etiam
780 1047 813 1105 in
829 1046 973 1106 carmine
989 1063 1162 1124 anonymo,
1176 1039 1228 1112 Vl,
1243 1043 1311 1100 28⁰.
1331 1051 1366 1084 -'
1376 1040 1414 1100 V.
1430 1059 1477 1100 ro.

250 1161 305 1240 Cp.
325 1161 535 1234 Herodotum,
555 1159 595 1231 II,
619 1159 674 1216 135
697 1173 705 1215 ε
726 1152 852 1233 φιλέουσι
876 1151 908 1211 δέ
928 1172 988 1222 κιυς
1010 1149 1039 1212 ἑν
1062 1161 1098 1234 τῇ
1122 1145 1275 1230 Ναυκράτι
1301 1144 1481 1227 ἐπαφρόδιτοι

249 1267 375 1346 γίνεσθαι
390 1268 417 1326 αἱ
429 1268 554 1346 ἑταῖραι.
570 1264 662 1342 Apud
676 1261 876 1339 Antipatrem
892 1259 1059 1320 Sidonium
1080 1259 1185 1336 patria
1199 1255 1393 1317 feminarum
1409 1269 1475 1314 uun

248 1363 422 1424 indicatur.

833 1702 895 1770 VII

757 1905 962 1970 [ΠΡΙΗΠΩι]

428 2074 530 2139 Ταῦτα
541 2078 701 2157 σαγφναίοιο
716 2077 795 2138 λίνου
810 2071 908 2152 δηναιίι
926 2072 1050 2158 Πριήπιρ

472 2185 593 2264 λείψανα
608 2183 655 2244 καί
669 2186 789 2266 κύρτους
805 2179 948 2256 Φιντίλος
966 2181 1134 2264 ἐκρέμασεν,

428 2290 476 2352 καί
488 2290 603 2374 γαμψδν
621 2293 750 2374 χαίτῃσιν
762 2282 804 2371 ἐφ’
818 2292 940 2374 ἱππείῃσι
957 2289 1076 2369 πεδηδὲν

473 2397 636 2480 ἄγκιστρον,
655 2400 771 2480 κρυφίην
788 2394 932 2459 εἰναλίαισι
946 2396 1052 2478 πάγην,

367 2508 384 2561 5
428 2505 475 2566 καί
487 2507 594 2568 δόνακα
609 2505 792 2588 τριτάνυστον,
810 2497 975 2565 ἀίάπτιστόν
986 2525 1017 2564 τε
1029 2496 1094 2564 καθ’
1111 2503 1186 2586 ὕδωρ

474 2613 593 2693 φελλὸν,
609 2607 654 2675 ἀεὶ
668 2612 788 2693 κρυφίων
804 2621 882 2688 σῆμα
896 2611 1023 2693 λαχόντα
1039 2611 1155 2686 βόλων·
1203 2672 1208 2682 ,

431 2717 463 2780 σὺ
478 2717 532 2802 γὰρ
548 2721 587 2781 ἔτι
603 2721 704 2782 erecto
721 2718 785 2779 ποσί
801 2718 947 2800 χοιράδας,
964 2711 1023 2780 οὐδ’
1038 2716 1145 2779 ἐπιαύει

474 2826 575 2905 ἡϊοόιν,
594 2829 709 2909 μοχερῷ
723 2829 810 2906 γήραϊ
825 2827 994 2908 τειρόμενος.

292 3035 327 3093 Ν.
345 3034 378 3093 C·
396 3033 491 3094 Anth-
509 3032 596 3106 Pal„
613 3034 664 3105 Vl,
685 3055 738 3112 ¹9²
757 3055 764 3096 :
781 3035 915 3120 ἀνάθημα
928 3045 967 3122 τῷ
978 3037 1102 3123 Πριήπῳ
1117 3037 1195 3121 παρὰ
1207 3037 1366 3103 Φιντύλου.

291 3195 382 3256 Exru.
404 3195 528 3256 Similes
552 3195 770 3256 dedicationes
788 3199 865 3257 sunt
885 3195 1044 3256 Leonidae
1066 3194 1127 3276 (vl,
1148 3193 1191 3275 d),
1214 3195 1355 3274 Philippi
1377 3195 1477 3257 'ihes-

183 3301 185 3304 '
252 3293 461 3354 salonicensis
481 3291 542 3374 (Vl,
565 3291 607 3372 5),
629 3296 767 3372 utraque
784 3294 951 3367 Mercurio,
973 3311 1099 3354 necnon
1116 3292 1222 3354 Flacci
1242 3293 1304 3373 (Vl,
1326 3293 1404 3376 192),
1421 3294 1478 3356 illa

250 3390 382 3470 quidem
395 3391 522 3469 Priape,
533 3391 682 3452 versibus
696 3396 804 3454 autem
813 3392 1092 3472 hendecasyllabis
1105 3392 1280 3470 scriptam,
1292 3399 1328 3454 ut
1339 3393 1478 3466 videtur,
1563 3421 1565 3431 ν

250 3489 417 3550 Archiacis
432 3489 633 3566 temporibus
644 3489 755 3552 serior.
767 3489 902 3550 Archiae
917 3491 1117 3568 epigramma
1127 3491 1193 3551 fere
1204 3491 1245 3552 ad
1256 3492 1391 3552 verbum
1403 3510 1477 3552 cum

251 3586 394 3649 carmine
412 3587 528 3648 incerti
548 3587 689 3648 auctoris
710 3585 882 3668 (Antipatri
891 3587 928 3668 l),
950 3588 1001 3657 Vl,
1025 3591 1073 3658 23,
1091 3589 1249 3668 congruit,
1267 3590 1355 3668 quod
1382 3595 1477 3651 vetn-

250 3685 332 3747 stIus
342 3684 483 3757 credam,
496 3671 651 3764 quoniam
662 3685 864 3758 Mercurium,
877 3703 942 3746 non
953 3686 1115 3764 Priapum,
1127 3686 1172 3746 ibi
1183 3687 1312 3748 invocat
1323 3688 1475 3766 piscator.

248 3790 414 3869 Displicet,
426 3790 514 3869 apud
526 3791 689 3867 Archiam,
706 3810 736 3852 v.
751 3793 770 3862 ιί
785 3796 817 3852 et
834 3796 851 3850 6
868 3791 1016 3871 repetitio
1030 3793 1190 3872 κρυφίην...
1208 3794 1340 3873 κρυφίων.

824 4207 905 4278 VIII

793 4402 929 4464 [usur]

857 4541 872 4602 l

430 4669 483 4734 Σοί
498 4671 576 4748 τάδε,
594 4669 661 4736 Πίιν
679 4685 827 4752 οκσπιῆτα,
844 4675 986 4737 παναίσλα
998 4677 1075 4758 δῶρα
1089 4677 1216 4753 σίναιμσι

474 4781 600 4862 τρίζυγες
615 4780 648 4842 ἐκ
661 4793 773 4864 τριττῆς
790 4784 869 4844 θέντα
884 4783 1080 4859 λινοστασίης·
