3634 5642
773 688 951 754 ...Π-

246 853 301 920 cui
312 853 462 922 mercedi
476 853 541 922 soli
551 855 644 924 cives
655 854 790 924 romani
805 855 1084 924 admittebantur.
1096 853 1322 946 Triumphum
1333 857 1471 928 Luculli

246 969 466 1038 inimicorum
481 970 673 1040 simultates
686 971 771 1040 adeo
787 969 1047 1040 retardaverunt
1063 979 1100 1038 ut
1114 972 1189 1061 ejus
1202 993 1339 1040 currum
1352 973 1471 1044 Cicero

247 1087 367 1155 consul
385 1086 523 1156 demum
545 1087 582 1156 in
598 1087 726 1158 Urbem
743 1087 917 1156 induxerit
933 1088 964 1170 ¹3
986 1085 1108 1155 eodem
1127 1109 1216 1154 anno
1236 1087 1382 1157 Archiae
1397 1113 1472 1159 car-

245 1224 325 1270 men
344 1202 380 1270 in
402 1201 515 1272 lucem
534 1202 702 1294 prodiisse
723 1203 872 1288 credam,
891 1202 1016 1294 quippe
1037 1200 1130 1293 quod
1149 1203 1471 1294 sequentibuscon-

247 1318 379 1387 sulibus
400 1321 474 1410 Jam
498 1318 533 1388 in
555 1320 710 1390 omnium
731 1319 892 1390 manibus
914 1341 954 1388 ac
972 1317 1140 1388 memoria
1161 1328 1337 1390 versatum
1362 1319 1470 1392 luisse

245 1433 416 1506 videatur.
478 1493 480 1496 .

289 1675 398 1746 XVII.
432 1675 552 1770 Itaque
583 1677 746 1763 Archias,
776 1701 847 1748 non
879 1678 930 1748 rei
961 1677 1152 1764 familiaris,
1181 1700 1251 1746 non
1281 1677 1467 1746 illustrium

245 1791 372 1860 civium
389 1793 560 1863 amicitiae
581 1793 733 1886 indigus,
758 1816 914 1863 securam
939 1803 1148 1863 senectutem
1177 1814 1240 1860 nec
1262 1793 1335 1860 sine
1357 1793 1470 1884 gloria

245 1909 394 1978 futuram
412 1909 643 2001 exspectabat,
664 1933 743 1979 cum
763 1919 902 2002 repente
920 1920 995 1979 orta
1009 1933 1050 1979 ex
1068 1909 1213 1978 obscuro
1227 1908 1302 1976 loco
1318 1909 1469 2000 procella

245 2024 397 2116 quietem
427 2029 501 2116 ejus
531 2025 668 2118 penitus
697 2025 916 2097 conturbavit
944 2036 978 2093 et
1005 2034 1142 2116 poetam
1169 2024 1256 2092 nihil
1283 2024 1350 2092 tale
1367 2024 1468 2092 meri·

243 2149 317 2210 tum
342 2163 384 2209 ex
408 2162 544 2210 summo
570 2141 711 2232 fastigio
737 2141 808 2210 lere
837 2141 879 2210 ad
908 2141 1018 2209 imum
1045 2140 1177 2232 dejecit.
1211 2140 1348 2209 Gratius
1372 2139 1465 2208 enim

244 2255 384 2344 quidam
419 2257 536 2348 (homo
561 2257 715 2350 alioquin
744 2257 886 2348 ignotus
916 2267 961 2342 at,
991 2268 1029 2324 ut
1051 2256 1199 2342 videtur,
1219 2255 1328 2323 nervis
1347 2254 1468 2322 olienis

243 2372 366 2442 mobile
391 2372 557 2465 ltqnomv
586 2373 761 2450 Archiam,
784 2397 826 2443 ex
852 2374 930 2463 lege
962 2372 1080 2464 Papia,
1114 2371 1261 2441 civitatis
1294 2395 1365 2440 non
1388 2375 1466 2462 jure

243 2499 428 2580 occupatae
440 2489 664 2560 insimulavit.
683 2491 782 2558 Hanc
799 2489 1055 2559 accusationem
1073 2511 1144 2558 nan
1162 2497 1231 2557 tam
1248 2488 1292 2556 ad
1306 2487 1468 2556 clientem

243 2627 345 2697 quam
375 2604 419 2675 ad
449 2615 632 2696 patronum
661 2607 735 2698 ejus
765 2605 986 2697 spectavisse,
1017 2627 1094 2674 mas
1118 2605 1223 2697 hujus
1247 2605 1369 2674 aetatis
1391 2627 1468 2673 sua·

242 2719 298 2800 det
326 2729 365 2790 ut
388 2721 590 2791 credamus:
614 2721 651 2789 in
671 2721 842 2813 judicium
872 2731 976 2812 caput
991 2720 1151 2807 Archiae,
1177 2721 1305 2790 factum
1331 2719 1466 2790 Luculli

240 2838 458 2910 vocabatur³.
480 2839 692 2922 Quibusnam
708 2837 957 2928 instigantibus
973 2837 1162 2906 incertum:
1177 2837 1360 2905 Lucullum
1375 2836 1464 2904 anim

241 2952 448 3022 utmilitaris
463 2951 586 3042 gloria,
602 2961 640 3021 ut
656 2951 808 3034 divitiae,
823 2950 873 3018 ita
886 2949 1016 3019 invidia
1031 2959 1131 3042 atque
1159 2948 1464 3017 innumerabilium

240 3067 368 3138 civium
391 3068 534 3137 ollensio
559 3065 831 3158 distinguebant,
856 3065 915 3156 qui
937 3065 1119 3156 populares
1142 3063 1313 3156 superbia,
1335 3063 1465 3131 milites

240 3184 433 3270 severitate,
451 3183 603 3277 equitem
619 3183 817 3254 innocentia
836 3191 870 3250 et
888 3181 1026 3270 legibus
1045 3181 1210 3249 adversus
1227 3180 1462 3249 foeneratores

238 3300 276 3370 in
304 3300 390 3369 Asia
423 3300 631 3383 constitutis,
663 3321 805 3390 prorsus
834 3296 897 3366 sibi
925 3297 1145 3366 alienaverat.
1176 3296 1265 3366 Cum
1295 3294 1461 3386 Pompeio

238 3429 370 3486 veteres
399 3417 591 3486 simultates
624 3437 723 3508 quas,
754 3414 814 3484 diu
844 3414 1009 3494 obtectas,
1038 3423 1117 3504 post
1142 3413 1257 3504 legem
1285 3411 1461 3481 Maniliam

239 3541 272 3602 et
300 3541 454 3626 ereptum
484 3533 630 3603 Lucullo
661 3530 911 3616 Mithridatem,
943 3530 1044 3600 ambo
1077 3553 1256 3621 erumpere
1287 3529 1459 3610 siverant;

238 3649 392 3744 Pompeii
411 3659 526 3721 autem
547 3673 589 3720 er
609 3648 750 3718 Oriente
772 3646 997 3726 nuntiabatur
1021 3646 1165 3731 reditus,
1185 3645 1351 3716 adventus
1374 3665 1459 3736 quo-

239 3767 320 3837 tidie
336 3765 608 3857 exspectabatur.

280 3999 406 4070 XVIII.
424 3998 634 4092 Legitimum
651 3993 878 4066 accusationis
889 3993 1150 4062 fundamentum
1166 3986 1460 4084 suppeditavitlex

237 4139 364 4210 paucos
381 4126 458 4186 ante
475 4137 596 4199 annos,
614 4136 704 4183 anno
719 4112 761 4183 U.
780 4113 817 4182 c.
834 4112 912 4188 689,
928 4110 1001 4178 aC.
1016 4108 1123 4202 Papio
1140 4117 1182 4178 tr.
1208 4106 1254 4198 pl.
1272 4105 1354 4188 lata,
1371 4127 1458 4196 quae

236 4232 436 4325 peregrinos
448 4233 578 4302 Romae
595 4228 774 4319 degentes,
794 4249 942 4318 quorum
955 4226 1078 4316 ingens
1088 4221 1273 4293 multitudo
1287 4232 1371 4305 erat,
1388 4243 1459 4288 om·

236 4371 388 4434 nes,uno
399 4347 548 4439 quodam
559 4345 745 4437 Glaucippo
756 4340 1010 4434 excepto,Urbe
1022 4339 1098 4432 ejici
1106 4340 1291 4431 jusserat‘;
1305 4360 1392 4430 quae
1404 4336 1459 4404 lex

272 4580 296 4637 l.
318 4580 385 4648 Cia,
403 4579 488 4637 Acad.
497 4581 599 4649 prior,
614 4577 649 4646 Il,
665 4593 683 4644 1,
699 4577 726 4632 3.

269 4661 296 4715 2.
318 4661 424 4728 Horat,
439 4661 511 4730 Sat,
532 4659 568 4724 ll,
584 4676 629 4729 vu,
646 4659 691 4714 82.

268 4742 296 4796 3.
316 4739 367 4812 Cp.
381 4741 449 4808 Cic,
464 4743 517 4796 Pro
529 4741 623 4808 Bulbo,
640 4737 688 4804 ΙΙΙ,
706 4739 735 4793 6.

268 4821 295 4880 l.
316 4822 367 4879 llio
380 4821 504 4890 Cassiam
515 4817 700 4889 xxxv11‚7;
716 4816 786 4883 Cia,
801 4818 838 4872 De
854 4815 916 4886 off„
931 4813 981 4884 Ill,
996 4830 1035 4882 ιι,
1051 4813 1101 4882 47;
1118 4812 1211 4869 Sahal.
1223 4811 1293 4869 Bob.
1303 4812 1332 4867 in
1343 4811 1456 4874 Archia·

1278 4940 1299 5001 2
