3634 5642
899 603 1055 668 „r-

361 777 552 846 studiorum
574 776 705 856 habuit,
731 775 822 843 inter
838 793 979 864 graecas
1000 769 1156 837 civitates
1178 790 1199 853 a
1222 768 1362 860 regibus
1381 767 1417 834 in
1440 763 1578 832 Oriente

359 892 514 963 conditas
535 892 684 983 primurn
704 892 830 972 locum,
847 898 926 981 post
945 884 1139 956 Seleuciam
1159 884 1202 952 ad
1225 883 1356 973 Tigrim
1376 892 1412 950 et
1426 881 1577 950 Alexan-

358 1009 467 1077 driam
482 1007 643 1100 Aegypti,
663 1005 853 1076 incolarum
867 1001 1061 1094 frequentia
1075 1011 1109 1070 et
1127 998 1254 1068 divitiis
1272 997 1448 1068 obtinebat
1458 999 1482 1082 ¹,
1498 1019 1579 1088 cpe-

357 1147 434 1194 rum
457 1123 674 1216 publicorum
692 1121 813 1213 copia²
829 1130 863 1189 et
878 1119 965 1187 situs
989 1117 1194 1187 amoenitate
1214 1113 1338 1184 ceteris
1358 1113 1463 1182 etiam
1485 1122 1579 1183 ante-

356 1239 511 1308 cellebat.
534 1239 606 1307 Nec
621 1239 775 1324 deerant,
792 1246 830 1306 ut
849 1236 886 1303 in
908 1233 1024 1326 magni
1045 1232 1143 1325 regui
1160 1230 1253 1317 sede,
1270 1230 1397 1300 eruditi
1421 1228 1580 1300 homines

356 1355 549 1447 artiumque
562 1355 796 1434 incitamenta,
808 1351 898 1420 inter
910 1372 998 1441 quae
1010 1358 1222 1418 memoratur
1233 1348 1336 1417 etiam
1350 1346 1447 1437 regia
1459 1345 1581 1415 biblic-

355 1473 466 1554 theca,
491 1471 547 1541 cni
571 1470 652 1539 olim
674 1469 869 1562 praefuerat
891 1465 1091 1558 Euphorion
1102 1467 1125 1533 ³.
1152 1465 1307 1534 Exeunte
1332 1472 1447 1532 autem
1470 1463 1578 1532 altero

355 1597 432 1656 ante
449 1587 527 1657 Chr.
551 1587 679 1668 seculo,
697 1585 862 1675 vergebat
878 1582 1046 1673 magisne
1062 1581 1175 1672 magis
1195 1580 1453 1651 Seleucidarum
1469 1578 1578 1672 impe-

353 1704 455 1784 rium,
486 1702 567 1772 hinc
597 1705 766 1785 Romano,
793 1699 887 1769 illinc
916 1699 1044 1768 Partho
1074 1698 1269 1790 ingruente,
1296 1695 1447 1789 undique
1472 1697 1579 1765 latro-

353 1819 468 1902 nibus,
503 1818 705 1902 rebellibus,
735 1817 855 1908 piratis
894 1815 1143 1906 grassantibus.
1174 1815 1255 1907 Ipsa
1285 1836 1406 1904 regum
1439 1814 1575 1899 domus,

354 1957 469 2003 secum
491 1934 633 2016 discors,
653 1933 813 2004 fraternis
828 1931 994 2023 flagrabat
1011 1930 1115 2014 odiis3
1132 1952 1193 2021 pro
1209 1951 1292 2020 pace
1309 1939 1342 1997 et
1359 1928 1443 2016 otio,
1460 1930 1576 1999 Musa-

352 2073 430 2119 rum
453 2049 638 2134 alimentis,
660 2071 833 2118 armorum
856 2047 972 2116 sonitu
996 2047 1192 2140 strepebant
1208 2047 1322 2128 urbes,
1348 2047 1520 2117 interdum
1543 2057 1578 2116 et

352 2189 473 2236 cruore
494 2166 624 2236 civium
640 2165 837 2238 manabant.
854 2163 951 2234 Vidit
966 2162 1124 2247 Archias,
1146 2162 1228 2232 dum
1244 2186 1329 2253 puer
1349 2174 1434 2246 erat,
1457 2173 1575 2232 exorto

351 2281 441 2349 inter
454 2280 664 2349 Antiochum
687 2280 839 2371 Grypum
855 2289 889 2348 et
909 2280 1049 2349 fratrem
1073 2279 1279 2369 Cyzicenum
1298 2278 1401 2364 bello,
1425 2279 1575 2370 primum

351 2407 551 2488 occupatam
567 2417 587 2464 a
605 2394 770 2487 Cyziceno
788 2395 1019 2480 Antiochiam,
1043 2393 1136 2478 dein,
1159 2417 1259 2464 verso
1281 2395 1402 2483 Marte,
1421 2394 1575 2488 ejusdem

352 2534 497 2581 uxorem
513 2513 728 2603 Cleopatram
749 2511 797 2580 ibi
815 2511 1004 2596 obsessam,
1022 2533 1102 2580 mox
1122 2510 1166 2580 ad
1189 2509 1401 2581 deditionem
1419 2512 1577 2604 compul-

352 2651 437 2697 sam.
449 2630 548 2698 Tunc
556 2629 633 2720 plus
645 2650 748 2721 quarn
759 2627 926 2697 muliebre
939 2627 1072 2698 lacinus
1083 2627 1216 2718 regiam
1226 2627 1347 2697 urbem
1360 2628 1551 2721 inquinavit
1565 2651 1574 2699 τ

351 2767 473 2836 nempe
490 2743 610 2837 regina
629 2744 845 2836 Tryphaena,
863 2743 1064 2835 Cleopatrae
1083 2766 1192 2830 soror,
1210 2766 1314 2835 quarn
1335 2745 1469 2837 Grypus
1488 2768 1576 2814 uxo-

352 2884 425 2929 rem
448 2861 602 2942 duxerat,
618 2882 784 2944 sororem,
804 2881 891 2950 quae
913 2859 949 2927 in
973 2861 1139 2952 templum
1165 2860 1338 2953 quoddam
1360 2862 1574 2954 confugerat,

347 2975 452 3069 jussit
478 2999 500 3044 a
524 2975 690 3045 militibus
719 2975 857 3044 confodi
869 2998 883 3068 ;Ι
907 2975 978 3068 qui,
1006 2998 1085 3045 cum
1113 2977 1259 3046 evellere
1289 2977 1480 3070 supplicem
1507 3003 1577 3049 non

351 3101 504 3183 possent,
525 3115 648 3161 manus
672 3091 912 3183 praeciderunt
928 3090 1053 3183 quibus
1076 3095 1233 3184 amplexa
1254 3093 1337 3164 deae
1354 3095 1577 3166 simulacrum

351 3207 521 3277 tenebat‘.
550 3207 698 3300 Grypus,
719 3207 843 3277 iterum
861 3208 994 3299 pulsus,
1011 3207 1170 3300 denique,
1189 3209 1357 3279 divisione
1382 3212 1480 3304 regni
1497 3235 1575 3282 cum

351 3321 453 3388 fratre
469 3322 572 3405 facta,
595 3322 781 3391 Antiochia
801 3322 929 3413 potitus
952 3332 1019 3406 est3
1045 3323 1086 3408 is,
1106 3324 1187 3393 licet
1205 3326 1351 3394 Athenis
1374 3329 1574 3412 educatus³,

352 3436 490 3506 vivendi
513 3459 640 3527 genere
665 3438 816 3507 Atticum
841 3460 964 3528 parum
980 3439 1154 3509 redolebat
1172 3463 1179 3510 :
1197 3441 1283 3510 nihil
1299 3465 1418 3513 curare
1442 3456 1577 3538 praeter

390 3685 419 3741 l.
442 3682 552 3748 Strabo,
567 3684 640 3752 XVl,
654 3703 684 3754 n,
697 3688 723 3742 5.
741 3685 834 3744 Cicero
850 3705 909 3745 earu
921 3691 1060 3762 quondum
1071 3692 1199 3749 celebrem
1212 3692 1279 3750 dicit
1288 3694 1352 3768 (Pro
1361 3697 1475 3768 Archia,
1488 3699 1536 3767 ΙΙΙ,
1550 3699 1577 3770 l)

353 3765 417 3838 quia
430 3769 487 3820 tum
502 3765 680 3822 continuitate
695 3766 827 3823 bellorum
842 3771 957 3825 multum
969 3772 1141 3828 delloruerat.

388 3844 420 3902 2.
443 3845 525 3901 Audit
539 3848 556 3909 ἡ
571 3845 638 3910 καλή
651 3847 726 3920 apud
743 3847 916 3905 Athenaeum
932 3849 953 3918 l,
972 3869 999 3924 p.
1014 3853 1050 3908 20
1063 3851 1096 3909 B.
1112 3852 1154 3910 Cl.
1168 3854 1280 3928 insuper
1302 3856 1441 3927 Malalam,
1457 3859 1577 3934 Chryso·

355 3931 484 3990 atomum,
500 3926 656 4079 ILlihqqpiqm,
680 3933 707 3984 et
729 3926 826 3984 incerti
846 3930 964 3986 auctoris
987 3935 1080 3990 Totins
1102 3935 1173 3992 orbis
1191 3937 1413 4010 descriptionem,
1431 3943 1466 3998 23
1482 3941 1576 4013 (deep.

354 4009 484 4075 minores,
528 4052 536 4078 ,
588 4011 603 4062 7
620 4048 627 4063 .

389 4087 419 4143 3.
444 4087 556 4157 Suidas,
570 4105 595 4145 v.
615 4087 758 4158 Εὐφορίων,
776 4089 815 4145 De
837 4090 890 4147 alia
903 4090 1079 4163 bibliotheca,
1095 4095 1135 4152 vel
1155 4097 1248 4170 potius
1264 4117 1375 4157 musaeo
1390 4099 1425 4157 nb
1443 4101 1578 4158 Antiocho

356 4167 538 4239 Philopatore,
556 4185 589 4224 ex
600 4174 763 4225 testamento
779 4169 900 4227 Maronis
914 4172 1104 4244 Atheniensis,
1118 4177 1238 4244 condito,
1253 4179 1314 4236 vide
1329 4181 1464 4249 Malalam,
1474 4199 1502 4256 p.
1513 4183 1577 4250 235,

356 4247 445 4303 Bonn.
458 4245 524 4314 Quis
538 4247 619 4306 fuerit
631 4249 675 4304 ille
688 4249 840 4305 Antiochus
853 4249 1012 4325 Philopator
1023 4256 1127 4325 nescio,
1136 4273 1198 4314 narn
1209 4258 1238 4315 in
1248 4261 1367 4318 nummis
1380 4271 1435 4319 tres
1451 4261 1579 4320 Antiochi

355 4327 405 4399 (lX
420 4327 579 4401 Cyzicenus,
595 4329 621 4385 X
636 4329 712 4398 Pius,
731 4329 782 4386 Xll
798 4329 949 4404 Dionysus)
961 4333 1013 4389 hoc
1032 4338 1195 4408 cognomine
1205 4339 1340 4397 interdum
1359 4342 1578 4418 distinguuntur,

356 4425 469 4481 quorum
488 4409 638 4482 Cyzicenus
657 4418 747 4468 autem
768 4408 811 4465 vix
831 4411 926 4484 paucis
948 4413 1087 4472 mensibus
1102 4418 1275 4477 Antiochiam
1293 4423 1391 4495 tenuit,
1411 4423 1493 4481 ceteri
1511 4423 1576 4490 duo,

356 4488 492 4544 continuis
515 4489 594 4546 bellis
613 4490 745 4561 distracti,
768 4498 840 4546 certe
863 4491 930 4546 nihil
949 4494 1083 4566 ejusmodi
1105 4499 1293 4559 condiderunt.
1309 4501 1388 4560 Forte
1405 4503 1471 4561 latet
1487 4503 1579 4577 aliqua

356 4566 471 4624 Malalae
486 4571 576 4642 culpa,
590 4570 636 4642 qui
656 4571 823 4626 Antiochum
835 4587 883 4642 pro
898 4573 1009 4631 Seleuco
1023 4577 1173 4651 scripserit.

392 4651 418 4704 l.
440 4649 575 4721 lustinus,
590 4651 715 4718 XXXIX,
736 4652 753 4707 3
768 4651 851 4723 (anno
864 4650 898 4707 U.
915 4651 945 4707 C.
961 4656 1035 4728 643).

391 4731 419 4786 5.
440 4730 592 4803 Appianus,
608 4733 682 4803 Sym,
697 4731 744 4789 68.

728 5438 959 5620 Ϊ
