3670 5634
803 657 979 724 ..3⁵14

281 847 359 896 reae
375 834 542 918 ponentes
555 825 578 890 ¹.
599 823 645 894 Ut
659 823 701 892 ad
715 823 878 895 Archiam
893 834 1044 896 revertar
1062 846 1131 894 neu
1145 803 1273 914 longus
1293 824 1371 910 sim,
1391 824 1504 916 possis

280 942 317 1012 in
331 940 455 1012 ceteris
470 940 757 1032 epigrammatum
775 941 943 1034 capitibus
963 942 1119 1012 eamdem
1134 940 1378 1030 sempiternam
1394 939 1505 1009 imita·

280 1057 412 1125 tionem
440 1077 640 1146 agnoscere.
669 1054 769 1137 Quod
797 1057 927 1147 Apellis
953 1057 1160 1141 Venerem’,
1178 1057 1270 1148 quod
1290 1057 1503 1128 Timomachi

280 1174 423 1263 Ajacem
433 1171 456 1253 ⁸,
486 1169 726 1238 celeberrimas
750 1171 897 1256 tabulas,
922 1172 1050 1264 publici
1068 1171 1159 1264 juris
1184 1181 1399 1262 argumenta,
1425 1185 1503 1263 post

280 1287 408 1357 multos
426 1285 561 1368 cecinit,
582 1307 664 1354 sane
682 1296 800 1356 nostro
817 1287 1086 1374 concedendum,
1103 1288 1303 1378 praesertim
1320 1311 1399 1358 cum
1411 1290 1503 1361 hunc

283 1401 407 1495 Cyzici,
427 1401 520 1470 illam
539 1400 703 1471 ininsula
725 1402 793 1472 Coo
813 1403 962 1494 potuerit
980 1403 1052 1494 ipsc
1069 1404 1195 1474 videre.
1215 1405 1283 1474 Sed
1298 1427 1464 1497 quorsum
1484 1429 1504 1474 a

281 1519 424 1590 Platone
451 1519 585 1588 iuratus
614 1527 666 1586 est
690 1521 794 1587 Boves
817 1519 854 1586 in
870 1519 1011 1612 jaspide
1038 1520 1236 1610 sculptam?
1260 1520 1433 1603 Quorsum
1461 1521 1503 1590 ab

281 1634 463 1726 Antipatro
488 1633 638 1704 fabulam
662 1637 710 1702 De
733 1633 866 1704 merula
888 1657 928 1704 ac
953 1635 1107 1704 turdisl‘?
1126 1637 1197 1704 Nec
1220 1635 1369 1705 dubitari
1392 1646 1504 1728 potest

282 1749 364 1842 quin
383 1748 439 1818 hic
458 1759 644 1841 perpetuus
664 1749 817 1818 imitator
838 1751 892 1840 (ne
915 1750 1024 1819 diuam
1045 1750 1278 1842 plagiarium),
1299 1751 1354 1820 cui
1371 1773 1506 1843 semper

282 1867 410 1936 tritaet
426 1866 505 1935 ficta
527 1888 588 1957 pro
607 1866 707 1934 novis
729 1887 767 1934 ac
790 1866 881 1935 veris
902 1866 1119 1958 placuerunt,
1141 1867 1244 1935 etiam
1269 1868 1306 1936 in
1328 1868 1507 1938 amatoriis

283 1981 541 2076 epigrammatis
567 1981 723 2051 eamdem
753 1983 940 2053 servaverit
963 1983 1144 2072 regulam,
1158 2006 1220 2052 nec
1245 1984 1358 2073 magis
1381 1983 1507 2076 quibus

283 2109 439 2170 ureretur
455 2121 591 2168 amores
606 2120 709 2189 quam
725 2121 813 2190 quae
827 2099 961 2190 lugeret
974 2098 1098 2168 funera
1111 2096 1282 2166 cecinerit.

329 2360 389 2428 lX.
413 2357 491 2428 Jarn
512 2358 542 2427 si
562 2357 604 2428 ab
621 2357 820 2426 inventione
839 2357 1034 2447 argumenti
1050 2357 1094 2426 ad
1118 2357 1229 2448 ipsam
1244 2377 1358 2424 rerum
1381 2367 1505 2427 tracta·

284 2476 413 2546 tionem
443 2485 609 2560 transeas,
637 2473 787 2542 maxime
815 2474 906 2565 apud
932 2473 1094 2541 Archiam
1119 2495 1263 2544 acumen
1292 2495 1332 2542 ao
1358 2473 1506 2542 brevitas

285 2593 386 2684 (quae
404 2613 467 2660 nos
483 2591 520 2662 in
535 2588 793 2682 epigrammatis
808 2589 909 2660 unice
926 2589 1109 2675 delectant)
1124 2589 1372 2658 desiderantur.
1388 2589 1508 2659 Brevi-

284 2718 388 2776 tatem
416 2709 519 2777 etiam
543 2705 716 2775 veteribus
740 2705 825 2774 mire
851 2705 1021 2797 placuisse
1047 2711 1216 2775 testantur
1241 2704 1346 2774 verba
1369 2705 1510 2773 Parme-

284 2825 422 2895 nionis‘
439 2847 447 2894 :

403 2991 502 3054 Nullo
513 3001 591 3076 puto
607 2991 704 3054 Musis
719 2993 944 3076 epigrammate
958 2992 1049 3074 longa
1061 2991 1195 3076 placere,

285 3184 320 3242 et
334 3172 466 3264 Cyrilli,
484 3193 566 3240 sana
584 3170 725 3240 modum
740 3173 901 3263 egressa⁷
922 3193 929 3238 :

410 3359 553 3423 Versibus
570 3377 610 3422 ea
625 3359 755 3439 pernicis
770 3356 848 3418 bono
862 3367 935 3420 sunt
949 3358 1175 3442 epigrammata
1184 3377 1196 3436 ;
1212 3359 1294 3441 quod
1309 3360 1336 3419 si

485 3457 560 3520 Tres
574 3456 704 3531 excedis,
723 3475 805 3540 epos,
822 3475 884 3517 con
899 3457 1090 3541 epigramma
1102 3455 1192 3537 facis.

286 3638 470 3716 Contra'ex
482 3645 565 3714 XXI
581 3644 728 3714 Archiae
740 3642 1091 3735 epigrammatis,iere
1106 3641 1250 3710 dimidia
1263 3664 1342 3734 pars
1359 3664 1421 3710 sex
1437 3665 1511 3711 ver-

287 3785 389 3832 suum
406 3761 669 3852 amplitudinem
685 3758 865 3829 excedunt.
885 3759 1039 3827 Acumen
1056 3780 1132 3828 raro
1150 3767 1268 3827 noster
1281 3757 1510 3850 persequitur,

325 3979 350 4034 1.
370 3973 603 4045 tntt.Pat.,v1‚
624 3975 668 4030 17.

323 4058 350 4116 2.
367 4059 442 4126 App.
464 4056 556 4123 Plan„
578 4055 640 4111 179.
660 4053 765 4129 Apellis
785 4053 917 4111 Venerem
937 4055 1084 4128 Augustus
1108 4053 1219 4110 demum
1238 4051 1354 4108 Romam
1377 4050 1517 4108 transtulit

290 4134 696 4281 (spelpfi'lttitppppipl5ppmhi
709 4215 819 4288 Ajacem
836 4213 938 4271 Caesar
952 4213 1051 4270 emisse
1066 4214 1151 4271 fertur
1165 4213 1267 4286 (Plin.,
1280 4211 1343 4279 Vll,
1359 4211 1432 4280 126).
1445 4209 1517 4266 Cave

290 4313 324 4352 ne
339 4295 430 4352 Plinio
449 4295 545 4350 credas
568 4295 737 4352 asseveranti
754 4295 958 4350 Timomachum
978 4293 1103 4350 Caesaris
1124 4293 1209 4349 luisse
1228 4292 1368 4364 aequalem
1393 4290 1516 4362 (XXXV,

291 4377 371 4449 136);
386 4375 509 4433 celebres
533 4374 604 4432 enim
627 4377 687 4449 ejus
702 4373 810 4433 tabulas
825 4375 882 4448 jam
897 4375 1002 4446 Cicero,
1021 4391 1093 4430 anno
1112 4375 1145 4434 U.
1170 4373 1200 4435 C.
1221 4373 1284 4442 684,
1304 4372 1398 4429 laudat
1412 4372 1516 4440 (Vera,

292 4455 493 4605 IVif'iiifidsd'
507 4535 645 4610 (Arenae)
661 4563 692 4592 =
708 4535 757 4606 rx,
771 4536 824 4591 ru
839 4534 998 4608 (Platonis).

328 4618 356 4674 5.
374 4616 422 4686 IX,
438 4617 490 4673 343
506 4615 643 4691 (Archiae)
659 4635 689 4663 =
705 4617 753 4685 lX,
768 4615 804 4671 76
819 4614 990 4693 (Antipatri).

328 4698 357 4752 o.
374 4696 423 4764 IX,
439 4696 502 4752 342.

329 4779 358 4838 t.
378 4776 427 4852 lx,
442 4776 505 4836 369.
