3634 5642
881 605 1038 670 ..2-

349 779 514 846 memoria
533 789 689 846 servatur
710 800 718 846 :
738 776 793 845 cui
809 765 896 844 libro
916 773 1083 866 quidquid
1098 772 1138 840 de
1156 772 1301 841 Archiae
1316 774 1399 859 vita,
1415 774 1568 863 ingenio,

349 894 496 962 heroicis
519 893 729 963 carminibus
759 901 890 960 certum
914 889 1158 982 comperimus,
1187 888 1310 958 debere
1340 913 1404 958 nos
1433 891 1571 980 profite-

349 1033 438 1078 mur.
463 1010 514 1077 Ite
532 1009 678 1100 contigit
699 1016 748 1092 ut,
774 1003 802 1074 si
825 1007 940 1074 miuus
963 1007 1055 1096 (utar
1071 1005 1179 1075 Taciti
1200 1003 1350 1096 verbis¹)
1377 1005 1572 1075 Ciceronem

348 1149 512 1216 magnum
551 1137 717 1192 oratorem
750 1123 900 1190 Licinius
938 1122 1082 1190 Archias
1121 1121 1277 1213 defensus
1310 1123 1414 1212 fecit,
1451 1121 1572 1190 saltem

348 1239 510 1308 Archiam
534 1239 754 1309 notissimum
770 1243 908 1328 poetam
931 1236 1050 1306 fecerit
1075 1236 1193 1306 Cicero
1218 1236 1389 1304 defensor.
1415 1237 1462 1304 At
1485 1261 1571 1328 quo-

349 1356 442 1424 niam
462 1357 498 1424 in
518 1354 679 1424 maximis
701 1353 851 1446 ingeniis
875 1352 1100 1436 illustrandis,
1126 1353 1213 1421 nihil
1232 1355 1304 1442 jam
1322 1361 1439 1421 nostra
1457 1353 1573 1422 curio-

349 1471 432 1540 sitas
454 1483 488 1540 et
509 1471 612 1540 anxia
629 1470 754 1563 cupido
776 1492 847 1539 non
868 1467 1023 1560 requirit,
1046 1468 1150 1536 etiam
1175 1469 1300 1560 quibus
1321 1469 1497 1560 magistris
1518 1469 1573 1538 vel

349 1587 574 1656 familiaribus
590 1586 644 1655 usi
660 1583 742 1670 sint,
759 1608 846 1677 quos
862 1584 992 1653 invidia
1009 1585 1065 1652 vel
1080 1607 1196 1654 amore
1213 1584 1337 1677 dignos
1352 1585 1571 1654 existimave-

350 1703 430 1786 rint,
447 1703 533 1772 scire
548 1702 729 1793 gestimus,
749 1701 901 1770 dandum
921 1700 986 1768 hoc
1000 1701 1116 1792 putavi
1133 1723 1202 1769 non
1216 1701 1387 1792 periturae
1403 1701 1449 1770 M.
1467 1701 1570 1770 Tullii

351 1821 462 1888 famae
490 1829 527 1886 ut
549 1819 639 1887 vatis
664 1817 765 1886 amici
786 1817 868 1902 fata,
889 1839 1017 1900 mores,
1032 1816 1198 1898 indolem,
1214 1817 1363 1885 breviter
1385 1818 1575 1908 exprimere

350 1957 492 2004 conarer
507 1955 515 2002 :
536 1934 629 2026 quod
644 1943 899 2025 argumentum,
916 1956 977 2024 per
989 1955 1025 2000 se
1038 1932 1177 2024 quidem
1190 1933 1314 2018 levius,
1328 1933 1447 2022 magni
1460 1943 1574 2001 tamen

349 2051 499 2118 nominis
517 2050 640 2119 umbra
653 2049 709 2120 vel
727 2047 981 2117 commendabit
997 2047 1119 2132 doctis,
1135 2049 1191 2117 rel
1207 2048 1394 2118 excusabit.

395 2279 437 2350 lt.
464 2283 607 2350 Accaus
623 2289 737 2371 poeta,
753 2279 809 2348 cui
824 2289 944 2371 postea
961 2281 1001 2347 A.
1018 2279 1151 2348 Licinio
1168 2302 1295 2350 nomen
1310 2281 1387 2364 luit,
1404 2293 1505 2350 natus
1524 2294 1577 2350 est

349 2381 566 2480 Antiochiae,
582 2397 617 2464 in
632 2395 730 2482 regia
743 2396 860 2484 Syriae
873 2393 955 2462 urbe
967 2401 991 2479 ¹,
1010 2418 1099 2463 anuo
1114 2396 1157 2466 U.
1174 2396 1210 2465 C.
1228 2395 1362 2466 circiter
1377 2400 1464 2468 636:
1482 2397 1573 2490 apud

349 2513 549 2590 Ciceronem
572 2509 664 2579 enim
688 2509 837 2599 legimus
856 2510 966 2594 illum,
991 2533 1069 2578 cum
1087 2512 1232 2580 Romam
1252 2513 1395 2596 venerit,
1412 2513 1520 2582 Mario
1541 2524 1575 2582 et

348 2629 468 2699 Catulo
490 2649 594 2710 coss,
620 2635 874 2717 praetextatum
901 2625 1024 2706 adhuc,
1049 2625 1084 2693 id
1108 2637 1160 2694 est
1184 2627 1358 2697 minorem
1369 2653 1439 2700 xvu
1461 2629 1571 2714 anuis,

347 2741 455 2810 luisse
465 2742 488 2808 ³.
510 2741 600 2810 Saue
616 2763 700 2809 num
715 2741 799 2809 haec
816 2739 1019 2809 adverbum
1035 2741 1261 2833 intelligenda
1275 2743 1343 2812 sint
1358 2747 1515 2814 nonnulli
1538 2748 1575 2818 iu

350 2857 492 2928 dubium
520 2866 731 2929 vocaverunt
756 2847 766 2925 :'
789 2855 959 2948 siquidem
983 2857 1056 2950 ipse
1082 2857 1200 2929 Cicero
1230 2860 1297 2930 alio
1324 2862 1399 2931 loco
1428 2865 1572 2932 testatur

347 2975 523 3060 Archiam,
541 2985 725 3064 autequam
743 2972 904 3059 scrihere,
923 2974 1051 3043 nedum
1066 2975 1289 3065 peregrinari,
1307 2977 1483 3068 inciperet,
1498 2983 1573 3071 jam
1595 3055 1599 3062 ,

348 3089 498 3182 spueris
518 3087 747 3173 excessisse‘;
767 3088 885 3174 immo,
909 3113 977 3182 quo
1000 3101 1152 3182 ternpore
1172 3113 1278 3160 causa
1299 3087 1374 3185 elus
1397 3093 1487 3163 dicta
1507 3106 1572 3180 est,

345 3229 434 3276 anno
451 3207 581 3275 scilieet
595 3207 672 3292 692,
688 3205 729 3274 de
744 3205 870 3274 Archia
883 3216 1049 3296 tanquam
1060 3230 1137 3275 sene
1151 3207 1325 3299 loquitur⁵
1343 3231 1350 3278 :
1365 3233 1470 3279 senex
1484 3234 1565 3280 vero

345 3327 447 3390 ne'mo
464 3319 599 3414 proprie
619 3319 744 3390 dicitur
758 3320 825 3388 nisi
843 3321 901 3412 qui
919 3319 1175 3413 sexagesimum
1193 3343 1321 3392 annum
1336 3325 1564 3419 impleverit⁶.

344 3435 435 3504 Fieri
450 3435 557 3526 igitur
573 3445 738 3527 potestat
754 3435 872 3506 Cicero
892 3459 1016 3506 causae
1036 3437 1151 3528 potius
1169 3461 1272 3529 quam
1291 3439 1425 3509 veritati
1440 3465 1565 3526 consu-¹

344 3550 457 3634 luerit,
478 3551 562 3638 sive,
582 3572 661 3619 curu
684 3550 725 3618 de
749 3550 856 3619 initiis
877 3552 1024 3622 Archiae
1049 3563 1179 3644 ageret,
1200 3554 1331 3645 aliquid
1352 3557 1451 3626 annis
1473 3529 1566 3627 illius
1625 3599 1628 3605 ,

344 3665 526 3734 detraxerit
541 3665 634 3757 quod
647 3665 779 3756 gloriae
797 3665 972 3757 adjiceret,
991 3665 1076 3752 sire,
1090 3690 1169 3736 cum
1185 3669 1228 3738 ad
1245 3682 1458 3760 praesentem
1474 3674 1566 3742 illius

344 3785 471 3852 statum
487 3781 653 3862 venisset,
671 3803 783 3850 senene
799 3805 862 3873 pro
876 3795 1064 3852 senescente
1087 3805 1185 3852 reum
1202 3784 1338 3870 dixerit,
1355 3811 1423 3879 quo
1440 3789 1566 3858 melius
1652 3845 1655 3850 ,

378 4003 404 4062 Ι.
425 4005 544 4076 Tacitus,
555 4003 630 4060 orat.
647 4009 729 4072 orat,
746 3996 790 4058 37.

377 4088 404 4146 2.
422 4087 492 4155 Cic,
504 4089 558 4142 Pro
572 4085 687 4153 Archia,
704 4083 751 4154 ΙΙΙ,
763 4084 792 4138 Ι.

377 4169 403 4224 3.
423 4170 477 4223 Pro
496 4165 610 4236 Archia,
629 4163 676 4234 ΙΙΙ,
698 4165 725 4219 5.
749 4162 943 4220 Proetectetas
962 4162 1036 4238 apud
1049 4165 1209 4225 Ciceronem
1225 4165 1307 4228 etiem
1328 4167 1398 4231 elius
1418 4169 1568 4235 Graeculus

341 4263 389 4321 per
403 4245 608 4304 translationem
623 4243 698 4300 audit
712 4245 756 4314 (ln
769 4246 890 4312 Verrem,
901 4244 936 4310 ΙΙ,
952 4261 1050 4313 xxxm,
1062 4247 1119 4320 80).
1131 4250 1254 4307 Aetatem
1263 4270 1326 4310 vero
1337 4272 1391 4328 que
1400 4264 1569 4330 praetextam

341 4326 515 4400 deponebant
536 4323 634 4382 dellnit
647 4324 753 4379 Tubero
770 4323 843 4396 apud
862 4324 896 4379 A.
916 4323 1031 4381 Gellium
1051 4327 1087 4391 X,
1102 4329 1148 4385 28.
1166 4329 1208 4385 Cl.
1231 4332 1336 4388 Livium
1353 4337 1439 4406 ΧΧΙΙ,
1455 4343 1568 4409 ev11,9:

335 4409 462 4478 leniores
475 4407 508 4463 ob
524 4407 605 4462 annis
619 4405 698 4461 XVII
704 4408 731 4460 et
745 4404 879 4476 quosdam
888 4411 1076 4475 praecantatos
1089 4407 1222 4468 scribant.

377 4491 403 4547 t.
423 4491 478 4544 Pro
493 4485 606 4554 Archia,
624 4485 671 4554 ΙΙΙ,
688 4485 714 4540 t.

376 4570 404 4628 5.
424 4571 478 4624 Pro
491 4567 603 4636 Arcaea,
613 4565 661 4633 ΙΙΙ,
676 4566 694 4621 5
707 4579 714 4618 :
726 4571 756 4620 nt
768 4565 874 4630 domus.
885 4581 956 4636 qnae
965 4566 1050 4638 hujus
1060 4569 1258 4630 adolescentiae
1263 4578 1359 4644 prima
1368 4580 1465 4648 fuerit,
1475 4583 1570 4639 eodem

342 4655 410 4706 esset
423 4649 645 4718 familiarissimo
659 4648 799 4702 senectuti.

377 4731 405 4787 6.
428 4727 511 4787 Verre
526 4725 598 4800 apud
614 4723 802 4794 Censorinum,
813 4727 852 4781 lta
868 4727 1023 4794 dienatatt,
1037 4727 1111 4798 xlv,
1130 4729 1161 4789 2.
