3634 5642
867 667 1022 730 ..8-

384 837 475 910 VlII.
490 837 675 930 Sednaque
689 837 849 930 Neapolis
862 858 973 928 neque
984 834 1563 904 LacedaemoniumTarentumcre·

342 953 594 1045 scentigloriae
617 964 650 1022 et
673 953 852 1024 ambitioni
870 951 1015 1021 Archiae
1031 949 1091 1018 diu
1115 950 1319 1020 suffecerunt
1336 975 1344 1021 :
1362 955 1472 1043 major
1489 952 1562 1020 del-

341 1069 466 1161 pbinus
482 1078 554 1138 erat
569 1091 673 1161 quam
695 1078 732 1138 ut
754 1071 813 1138 tali
837 1069 955 1162 patina
978 1067 1210 1136 contineretur
1227 1069 1250 1137 ¹.
1275 1068 1385 1159 Igitur
1401 1068 1562 1159 Magnam

342 1183 520 1251 Graeciam
536 1183 636 1253 Latio
650 1184 808 1266 mutavit,
825 1206 905 1252 mox
920 1181 1134 1252 domicilium
1148 1182 1331 1274 sedemque
1347 1183 1562 1252 fortunarum

341 1321 482 1368 suarum
497 1301 642 1369 Romam
664 1299 852 1385 transtulit,
868 1320 958 1368 anno
977 1299 1019 1369 U.
1038 1298 1076 1368 C.
1094 1299 1170 1380 652,
1189 1297 1225 1367 C.
1246 1298 1353 1367 Mario
1368 1322 1415 1384 rv,
1432 1299 1473 1382 Q.
1493 1299 1563 1368 Lu-

340 1415 423 1484 tatio
440 1417 560 1486 Catulo
577 1438 665 1484 coss.
679 1416 690 1451 ²
705 1419 822 1507 Neque
837 1415 989 1484 alienum
1006 1413 1205 1504 migrationi
1222 1423 1356 1506 tempus
1375 1414 1562 1484 Graeculus

340 1542 457 1599 noster
473 1531 636 1620 elegerat.
650 1529 714 1599 His
729 1531 821 1600 enim
836 1530 947 1605 annis.
960 1531 1049 1598 inter
1069 1528 1289 1598 Gracchanos
1302 1538 1336 1597 et
1349 1529 1562 1621 Apuleianos

341 1647 509 1715 tumultus
526 1646 750 1738 interpositis,
768 1645 837 1715 alta
851 1645 1111 1736 tranquillitate,
1134 1667 1220 1736 quac
1237 1645 1361 1713 studiis
1380 1646 1563 1716 humanio-

340 1762 435 1831 ribus
455 1762 580 1831 idonea
604 1761 767 1848 conditio,
789 1761 1001 1853 respublica
1024 1760 1117 1830 domi
1137 1761 1325 1832 fruebatur.
1348 1762 1437 1831 Sane
1456 1763 1562 1831 inter·

341 1879 421 1946 dum
447 1887 607 1946 externus
631 1878 735 1945 timor
759 1877 829 1946 otia
856 1877 1115 1968 corrumpebat;
1142 1876 1202 1944 sed
1224 1879 1297 1968 jam
1325 1877 1365 1946 da
1393 1878 1564 1971 Jugurtha

339 2004 466 2077 actum,
478 1993 627 2061 Teutoni
640 2017 680 2062 eo
696 1993 772 2083 ipso
785 2015 874 2060 anno
891 2015 958 2084 quo
974 1992 1119 2061 Archias
1133 1993 1259 2063 Urbem
1275 1993 1414 2063 intravit
1428 1994 1563 2086 penitus

338 2109 453 2178 deleti.
470 2109 568 2177 Adde
588 2109 679 2200 quod
697 2108 871 2191 nobilitas,
889 2107 945 2176 cui
964 2131 1019 2176 res
1037 2106 1174 2199 publica
1196 2107 1508 2194 administrabatur,
1525 2111 1561 2181 in

338 2246 479 2317 graecas
500 2234 590 2293 artes
614 2234 648 2292 et
666 2224 865 2316 disciplinas
883 2223 993 2315 magis
1015 2245 1054 2292 ac
1078 2223 1190 2313 magis
1209 2225 1345 2300 ruebat:
1363 2228 1504 2317 jamque
1520 2250 1559 2296 oo

336 2346 477 2408 ventum
503 2350 576 2408 erat
599 2349 649 2422 ut,
673 2362 752 2407 cum
774 2361 894 2407 omnes
917 2338 1108 2427 elegantiae
1132 2338 1270 2408 laudem
1296 2350 1557 2424 assectarentur,

339 2456 447 2525 doctis
461 2456 573 2548 ignari
589 2455 823 2536 concinerent,
836 2477 959 2547 graece
977 2453 1111 2523 nescire
1125 2454 1247 2546 pudori
1263 2466 1366 2540 esset,
1383 2457 1441 2526 vix
1456 2457 1561 2526 latino

337 2572 486 2642 scribere
503 2571 677 2640 decorum.
691 2573 783 2662 Ergo
797 2572 965 2651 rhetores,
981 2570 1190 2661 philosophi,
1208 2573 1421 2660 grammatici
1432 2575 1559 2663 graeci,

337 2690 460 2782 spretis
485 2689 635 2781 legibus,
652 2688 818 2778 paulatim
834 2689 979 2757 Romam
996 2687 1179 2770 confluere,
1197 2688 1255 2757 ubi
1273 2711 1385 2775 aures,
1403 2690 1431 2757 si
1447 2691 1562 2760 minus

335 2806 510 2890 delicatas,
528 2815 642 2872 tamen
659 2804 776 2874 avidas
791 2813 825 2872 et
843 2812 997 2894 paratam
1016 2803 1208 2894 pecuniam,
1226 2826 1313 2896 quae
1328 2805 1364 2872 in
1384 2805 1455 2874 dies
1470 2807 1560 2896 apud

334 2943 435 3009 roges
446 2921 555 2987 rarior
568 2918 682 3001 fiebat,
695 2918 925 2987 inveniebant.
939 2917 1028 2986 Sane
1045 2917 1081 2985 in
1096 2918 1267 2986 hacturba
1278 2918 1405 2986 eximia
1419 2919 1560 3010 ingenia

334 3034 702 3126 frustraquaesivcris,
724 3056 764 3102 eo
783 3036 894 3125 major
908 3032 1135 3104 mediocritati
1153 3033 1275 3104 honos.
1294 3034 1457 3104 Archiam
1477 3060 1559 3107 vcro

335 3151 379 3241 (si
407 3150 562 3219 Ciceroni
587 3149 769 3238 credimus)
796 3149 900 3216 etiam
926 3149 1018 3216 fama
1048 3171 1111 3216 sua
1136 3158 1367 3219 antecesserat
1392 3172 1400 3218 :
1428 3151 1559 3221 scilicet

335 3264 478 3332 Crassus
494 3273 528 3332 et
539 3262 692 3350 Catulus,
707 3264 765 3355 qui
775 3265 978 3351 magistrum
994 3266 1069 3356 ejus
1083 3263 1302 3354 Antipatrum
1315 3267 1418 3357 probe
1434 3290 1559 3358 cogno-

333 3391 450 3446 verant
461 3380 484 3458 ⁸,
499 3379 664 3469 juvenem
679 3387 818 3470 poetam
833 3379 950 3448 nascio
961 3375 1008 3447 ¹an
1026 3379 1173 3448 Romam
1188 3381 1440 3451 arccssiverint.
1459 3383 1558 3454 Certe

333 3505 493 3586 acceptus
509 3493 705 3562 hominibus
720 3495 979 3563 litteratissimis
993 3497 1100 3580 venit,
1121 3520 1229 3588 eoque
1244 3499 1357 3590 magis
1372 3500 1463 3591 quod
1479 3502 1559 3570 nul-

332 3612 386 3681 lus
398 3620 478 3679 ante
491 3633 568 3678 eum
582 3633 726 3701 graecus
736 3620 848 3701 poeta,
863 3611 1035 3702 ingenuae
1048 3613 1187 3705 quidem
1199 3615 1419 3700 conditionis,
1430 3616 1557 3687 Urbem

333 3725 471 3796 assidue
487 3723 688 3793 incoluerat.

376 3936 436 4006 IX.
453 3937 560 4005 Primi
577 3937 795 4029 optimatium
811 3940 946 4010 Luculli
966 3943 1116 4035 hospitio
1138 3944 1302 4016 Archiam
1327 3959 1552 4039 exceperunt3

332 4057 431 4145 cujus
447 4052 568 4122 domus
582 4052 739 4144 princeps
755 4062 789 4121 et
804 4065 906 4145 caput
924 4058 1052 4126 Lucius
1067 4069 1152 4145 erat,
1169 4060 1208 4131 L.
1238 4062 1427 4132 consularis
1448 4063 1553 4150 filius,

330 4170 390 4261 qui
405 4192 445 4237 eo
464 4179 616 4259 tempore
631 4179 791 4260 practura
807 4169 841 4237 in
858 4173 949 4242 Urbe
967 4174 1175 4267 fungebatur
1189 4188 1233 4261 et,
1251 4187 1397 4271 utroque
1413 4181 1555 4249 consulo

329 4303 408 4350 cum
423 4281 574 4349 exercitu
589 4281 741 4362 absente,
756 4286 1017 4375 rempublicam
1032 4290 1285 4380 quodammodo
1300 4294 1442 4383 regebat
1457 4296 1480 4364 ⁸.
1499 4296 1553 4364 Illi

364 4458 579 4516 1.Vcrbasunt
598 4457 781 4531 Amphicratis
804 4460 921 4519 rhetoris
943 4463 1132 4523 invitationem
1151 4469 1357 4528 Seleucensium
1378 4473 1555 4531 detractantis

329 4537 592 4689 (piiiiduiiciid
609 4618 658 4687 nr,
677 4620 695 4675 5

364 4701 391 4755 3.
412 4697 515 4767 Cicero,
531 4701 570 4754 De
584 4705 700 4768 oratore,
714 4699 760 4759 ΙΙΙ.
777 4717 803 4766 ι,
822 4702 888 4760 194.

330 4795 334 4802 ·
365 4782 391 4838 l.
412 4778 492 4836 Diod.
509 4777 578 4853 Sia,
593 4780 719 4852 XXXVI,
734 4779 773 4835 2:
790 4788 834 4844 ἕνα
850 4795 898 4836 τῶν
914 4784 978 4840 κατὰ
994 4786 1066 4844 πόλιν
1080 4799 1236 4862 στρατηγῶν,
