3670 5634
855 683 1032 750 ..53-

512 839 555 920 οἷς
567 847 650 927 ἔσχον
661 859 785 928 χερνῆτα
804 847 863 923 βίον
876 849 999 926 δηναιὸν,
1022 844 1133 912 Ἀθάνα

553 955 662 1028 πότνια,
680 945 757 1015 ταῦθ’
773 955 800 1015 αἱ
815 953 861 1016 σαὶ
873 955 917 1016 σοὶ
932 957 1016 1018 θέσαν
1035 955 1191 1037 ἐργάτιδες.

373 1143 409 1202 Ν.
429 1143 462 1203 G.
479 1140 573 1203 Anile.
597 1140 684 1219 Pal,
709 1143 760 1216 Vl,
788 1146 825 1221 39
848 1161 855 1204 :
875 1136 1004 1221 ἀνάθημα
1027 1155 1064 1226 τῇ
1090 1137 1199 1226 Ἀθηνᾷ
1220 1139 1296 1224 παρά
1318 1144 1404 1222 τριῶν
1427 1133 1556 1221 ἀδελφῶν

332 1250 482 1329 γυναικῶν.

372 1391 461 1452 Exrr..
487 1391 610 1464 Omnia,
638 1397 766 1470 praeter
791 1395 924 1456 nomina
948 1393 1044 1474 (quae
1071 1398 1214 1456 ceterum
1240 1394 1349 1472 potius
1371 1391 1557 1453 meretrices

332 1487 469 1569 decent),
488 1489 572 1568 cepit
585 1489 720 1550 Archias
734 1508 771 1552 ex
791 1491 932 1552 carmine
950 1493 1118 1566 Leonidae,
1136 1490 1231 1553 Anti.
1248 1489 1400 1563 Pa1.‚vi‚
1420 1495 1488 1566 289,
1506 1488 1556 1550 cui

331 1586 530 1647 simillimum
545 1591 594 1648 est
604 1587 690 1648 aliud
707 1587 861 1667 ejusdem,
872 1590 923 1661 vi,
934 1595 1000 1665 288,
1014 1591 1061 1652 ita
1078 1594 1113 1651 ut
1128 1590 1220 1651 facile
1236 1589 1407 1667 auspiceris
1418 1586 1557 1648 alterum

333 1684 503 1760 Leonidae,
520 1684 658 1746 alterum
683 1686 791 1764 potius
812 1685 982 1766 Antipatro
1005 1683 1135 1750 Sidonio
1157 1705 1226 1749 esse
1249 1685 1468 1747 tribuendum.
1495 1685 1559 1746 Cur

333 1782 458 1843 Samiae
473 1783 623 1845 mulieres
635 1782 772 1846 dialecto
787 1783 898 1846 dorica
908 1783 1054 1863 utantur,
1068 1805 1132 1847 non
1144 1780 1305 1864 intelligo;
1317 1780 1351 1844 in
1361 1781 1557 1860 exemplare,

332 1880 420 1960 quod
435 1882 569 1944 Archias
583 1883 751 1961 expressit,
769 1882 901 1945 Cressae
916 1883 1166 1946 inducebantur.
1223 1887 1224 1892 ’

921 2301 969 2370 Vl

809 2493 1069 2557 [ΑΦΡΟΔΙΤΗι]

514 2679 654 2744 Σάνδαλα
665 2691 752 2745 ταῦτα
766 2677 881 2744 Βίτιννα
895 2715 901 2726 ·
920 2681 1121 2744 πολυπλέκτου
1134 2679 1165 2742 δὲ
1177 2677 1310 2751 Φιλαινὶς

556 2792 713 2871 πορφύρεον
730 2790 832 2872 χαίτας
848 2793 952 2872 ῥύτορα
966 2789 1145 2869 κεκρύφαλον
1159 2805 1166 2823 ·

513 2891 600 2970 ξανθά
614 2889 639 2958 δ’
661 2891 826 2958 Ἀντίκλεια
840 2898 920 2958 νθθον
933 2898 1086 2957 κεύθουσαν
1101 2895 1181 2972 άημα

559 3003 661 3086 ῥιπίδα,
679 3000 730 3065 τάν
748 3003 871 3086 μαλερδν
888 3002 999 3076 θάλπος
1015 2995 1190 3079 ἀμυνομένου
1204 3023 1211 3035 ·

450 3113 469 3166 5
514 3109 619 3172 λεπτὸν
635 3103 660 3170 δ’
678 3101 841 3192 Ἡράκλεια
856 3111 923 3172 τάδε
937 3108 1133 3191 προκάλυμμα
1146 3103 1311 3189 προσώπου,

557 3214 674 3298 τευχθὲν
690 3211 846 3300 σίραχνσίῃς
862 3218 977 3278 εἴκελον
992 3216 1159 3298 ἁρπεδόσιν·

512 3323 531 3384 ά
545 3322 576 3384 δὲ
589 3323 680 3386 καλὸν
695 3326 833 3406 σπείραμα
846 3325 1032 3406 περιορυρίοιο
1046 3321 1198 3405 δράκοντος

559 3424 655 3508 οὔνομ’
678 3423 886 3512 Ἀριστοτέλει)
898 3431 1006 3512 πατρὸς
1019 3431 1218 3510 ἑνεγκαμένα·

514 3533 614 3611 ἅλικες
625 3531 725 3618 ἀγλαά
739 3539 830 3618 δῶρα,
848 3538 1024 3618 γαμοστόλε,
1044 3537 1087 3598 σοὶ
1100 3535 1181 3614 τάδε,
1198 3531 1306 3618 Κύπρι,

436 3647 469 3701 10
559 3642 693 3722 ῶπασαν,
713 3647 740 3705 αἱ
755 3643 872 3724 γυάλων
887 3639 1087 3725 Ναυκράιιδος
1103 3645 1210 3704 ναέται.

376 3845 413 3903 N.
431 3843 463 3902 G.
483 3842 579 3903 Antlz.
597 3840 683 3915 Pal„
699 3843 750 3916 Vl,
770 3863 825 3921 2⁰7
844 3838 907 3912 ιεἰς
919 3841 952 3902 τὸ
969 3839 1037 3903 αὐτό
1050 3833 1107 3923 (sc.
1127 3834 1256 3918 ἀνάθημα
1267 3853 1303 3924 τῇ
1322 3832 1475 3922 Ἀφροδίτῃ
1486 3833 1561 3921 παρά

337 3939 501 4029 γυναικῶν).
520 3983 557 3994 -
571 3951 608 4010 V.
632 3972 658 4009 i.
674 3949 749 4010 Cod.
763 3927 983 4028 πολυπλάνοου,
997 3950 1218 4029 conjecturam
1233 3951 1385 4011 Brunckii
1399 3953 1432 4012 et
1450 3947 1563 4027 Tonpii

337 4056 486 4136 praetuli,
514 4037 611 4135 quam
639 4056 809 4118 confirmat
832 4055 1055 4134 praecedentis
1079 4056 1320 4136 epigrammatis
1341 4077 1372 4118 v.
1396 4059 1413 4116 3
1436 4074 1443 4116 ε
1463 4051 1512 4115 τὸν
1532 4049 1564 4114 δὲ

338 4162 539 4242 ριλοπλέκτοιο
562 4163 655 4238 κόμας
679 4172 876 4243 σριγκτῆρα...
902 4199 936 4208 -
953 4163 990 4224 V.
1016 4166 1045 4224 3.
1066 4164 1140 4225 Cod.
1160 4183 1168 4224 :
1185 4164 1324 4223 κεύθουοα
1345 4164 1448 4240 νόημα.
1473 4163 1561 4224 Corr.

339 4270 439 4350 Toup.
456 4303 495 4314 —
509 4270 546 4331 V.
569 4291 616 4330 ιο.
634 4270 782 4331 Forsitan
797 4266 935 4349 αἰγιαλῶν
950 4260 1153 4342 (Wesseling,
1172 4256 1260 4344 eici).

379 4421 469 4480 Exrr..
490 4419 615 4494 Omnia,
635 4420 732 4481 etiarn
752 4420 892 4496 nomina,
916 4421 1012 4482 debet
1026 4421 1233 4500 praecedenti
1255 4415 1388 4484 carmini
1405 4422 1564 4500 Antipatri

340 4517 476 4591 Sidonii,
493 4519 544 4592 Vl,
564 4522 632 4578 ποθ.
650 4518 759 4579 Simile
783 4522 832 4580 est
852 4531 982 4580 carmen
1003 4520 1165 4599 Antipatri
1190 4520 1495 4596 Thessalonicensis,
1511 4519 1563 4594 Vl,

338 4622 406 4692 208,
424 4617 479 4677 ubi
498 4620 608 4678 tamen
625 4634 690 4676 non
705 4618 776 4695 ipsa
789 4615 982 4678 ornamenta
1001 4617 1224 4678 meretriculas
1244 4622 1382 4696 ponunt,
1399 4618 1456 4679 sed
1470 4617 1564 4679 tabu-

335 4715 400 4775 lam
418 4714 629 4775 Aristomenis
649 4715 819 4794 cujusdem
839 4714 1014 4793 Strymonii
1033 4714 1086 4793 (ci.
1103 4715 1276 4792 Benndori,
1298 4715 1344 4776 De
1367 4713 1465 4799 Eptp.
1483 4735 1562 4795 quae

337 4812 476 4874 adortos
495 4820 644 4893 spectant,
661 4831 693 4891 p.
715 4813 765 4894 50)
785 4812 930 4891 ipsarum
950 4813 1072 4892 effigies
1089 4813 1308 4874 exhibentem.
1323 4813 1428 4875 Facile
1450 4813 1568 4874 intelli·
