<?xml version="1.0" encoding="UTF-8"?>
<!DOCTYPE html PUBLIC "-//W3C//DTD XHTML 1.0 Transitional//EN"
    "http://www.w3.org/TR/xhtml1/DTD/xhtml1-transitional.dtd">
<html xmlns="http://www.w3.org/1999/xhtml" xml:lang="en" lang="en">
 <head>
  <title>
</title>
<meta http-equiv="Content-Type" content="text/html;charset=utf-8" />
  <meta name='ocr-system' content='tesseract 3.04.00' />
  <meta name='ocr-capabilities' content='ocr_page ocr_carea ocr_par ocr_line ocrx_word'/>
</head>
<body>
  <div class='ocr_page' id='page_1' title='image "./diearchiapoetat01reingoog_0058.png"; bbox 0 0 3670 5634; ppageno 0'>
   <div class='ocr_carea' id='block_1_1' title="bbox 818 609 992 678">
    <p class='ocr_par' dir='ltr' id='par_1_1' title="bbox 818 609 992 678">
     <span class='ocr_line' id='line_1_1' title="bbox 818 609 992 678; baseline -0.006 -17"><span class='ocrx_word' id='word_1_1' title='bbox 818 609 992 678; x_wconf 65' lang='lat'>..43-</span> 
     </span>
    </p>
   </div>
   <div class='ocr_carea' id='block_1_2' title="bbox 287 781 1602 2495">
    <p class='ocr_par' dir='ltr' id='par_1_2' title="bbox 287 781 1602 2495">
     <span class='ocr_line' id='line_1_2' title="bbox 291 781 1517 874; baseline 0 -24"><span class='ocrx_word' id='word_1_2' title='bbox 291 781 464 854; x_wconf 88' lang='lat' dir='ltr'><strong>rusticano</strong></span> <span class='ocrx_word' id='word_1_3' title='bbox 485 783 560 870; x_wconf 74' lang='lat' dir='ltr'><strong>uiro</strong></span> <span class='ocrx_word' id='word_1_4' title='bbox 580 784 679 872; x_wconf 86' lang='lat' dir='ltr'><strong>cujus</strong></span> <span class='ocrx_word' id='word_1_5' title='bbox 702 792 784 850; x_wconf 88' lang='lat' dir='ltr'><strong>tunc</strong></span> <span class='ocrx_word' id='word_1_6' title='bbox 806 781 946 851; x_wconf 87' lang='lat' dir='ltr'><strong>arbitrio</strong></span> <span class='ocrx_word' id='word_1_7' title='bbox 966 781 1085 854; x_wconf 84' lang='lat' dir='ltr'><strong>omnia</strong></span> <span class='ocrx_word' id='word_1_8' title='bbox 1105 781 1411 874; x_wconf 46' lang='lat' dir='ltr'><strong>gubernabantur&amp;</strong></span> <span class='ocrx_word' id='word_1_9' title='bbox 1430 784 1517 852; x_wconf 84' lang='lat' dir='ltr'><strong>Nec-</strong></span> 
     </span>
     <span class='ocr_line' id='line_1_3' title="bbox 291 894 1516 987; baseline -0.002 -21"><span class='ocrx_word' id='word_1_10' title='bbox 291 920 361 966; x_wconf 88' lang='lat' dir='ltr'><strong>non</strong></span> <span class='ocrx_word' id='word_1_11' title='bbox 376 896 519 965; x_wconf 78' lang='lat' dir='ltr'><strong>Archias</strong></span> <span class='ocrx_word' id='word_1_12' title='bbox 535 919 575 966; x_wconf 85' lang='lat' dir='ltr'><strong>ea</strong></span> <span class='ocrx_word' id='word_1_13' title='bbox 588 906 700 970; x_wconf 89' lang='lat' dir='ltr'><strong>mente</strong></span> <span class='ocrx_word' id='word_1_14' title='bbox 716 895 902 965; x_wconf 81' lang='lat' dir='ltr'>Cimbricas</span> <span class='ocrx_word' id='word_1_15' title='bbox 918 919 972 966; x_wconf 91' lang='lat' dir='ltr'><strong>res</strong></span> <span class='ocrx_word' id='word_1_16' title='bbox 988 895 1143 987; x_wconf 75' lang='lat' dir='ltr'><strong>attigisse</strong></span> <span class='ocrx_word' id='word_1_17' title='bbox 1160 894 1294 966; x_wconf 84' lang='lat' dir='ltr'><strong>videtur</strong></span> <span class='ocrx_word' id='word_1_18' title='bbox 1309 917 1377 986; x_wconf 91' lang='lat' dir='ltr'><strong>quo</strong></span> <span class='ocrx_word' id='word_1_19' title='bbox 1388 897 1516 965; x_wconf 85' lang='lat' dir='ltr'><strong>certius</strong></span> 
     </span>
     <span class='ocr_line' id='line_1_4' title="bbox 292 1011 1513 1103; baseline -0.002 -22"><span class='ocrx_word' id='word_1_20' title='bbox 292 1017 466 1103; x_wconf 85' lang='lat' dir='ltr'><strong>potentem</strong></span> <span class='ocrx_word' id='word_1_21' title='bbox 489 1012 602 1080; x_wconf 90' lang='lat' dir='ltr'><strong>virum</strong></span> <span class='ocrx_word' id='word_1_22' title='bbox 626 1012 690 1082; x_wconf 93' lang='lat' dir='ltr'><strong>sihi</strong></span> <span class='ocrx_word' id='word_1_23' title='bbox 713 1011 930 1094; x_wconf 90' lang='lat' dir='ltr'><strong>conciliaret;</strong></span> <span class='ocrx_word' id='word_1_24' title='bbox 957 1034 1037 1082; x_wconf 83' lang='lat' dir='ltr'><strong>mox</strong></span> <span class='ocrx_word' id='word_1_25' title='bbox 1062 1021 1190 1094; x_wconf 84' lang='lat' dir='ltr'><strong>tamen,</strong></span> <span class='ocrx_word' id='word_1_26' title='bbox 1212 1019 1395 1102; x_wconf 78' lang='lat' dir='ltr'><strong>postquam</strong></span> <span class='ocrx_word' id='word_1_27' title='bbox 1414 1013 1513 1084; x_wconf 89' lang='lat' dir='ltr'><strong>Marii</strong></span> 
     </span>
     <span class='ocr_line' id='line_1_5' title="bbox 289 1125 1520 1219; baseline 0 -23"><span class='ocrx_word' id='word_1_28' title='bbox 289 1129 427 1197; x_wconf 87' lang='lat' dir='ltr'><strong>fortuna.</strong></span> <span class='ocrx_word' id='word_1_29' title='bbox 441 1125 577 1198; x_wconf 87' lang='lat' dir='ltr'><strong>turbare</strong></span> <span class='ocrx_word' id='word_1_30' title='bbox 593 1129 717 1219; x_wconf 88' lang='lat' dir='ltr'><strong>coepit,</strong></span> <span class='ocrx_word' id='word_1_31' title='bbox 733 1136 845 1219; x_wconf 85' lang='lat' dir='ltr'><strong>poeta,</strong></span> <span class='ocrx_word' id='word_1_32' title='bbox 864 1138 903 1196; x_wconf 89' lang='lat' dir='ltr'><strong>ut</strong></span> <span class='ocrx_word' id='word_1_33' title='bbox 917 1127 1163 1219; x_wconf 83' lang='lat' dir='ltr'><strong>periculorum,</strong></span> <span class='ocrx_word' id='word_1_34' title='bbox 1180 1127 1228 1198; x_wconf 88' lang='lat' dir='ltr'><strong>ita</strong></span> <span class='ocrx_word' id='word_1_35' title='bbox 1247 1127 1350 1198; x_wconf 90' lang='lat' dir='ltr'><strong>etiam</strong></span> <span class='ocrx_word' id='word_1_36' title='bbox 1364 1128 1520 1219; x_wconf 66' lang='lat' dir='ltr'><strong>promis,</strong></span> 
     </span>
     <span class='ocr_line' id='line_1_6' title="bbox 290 1243 1513 1335; baseline 0.002 -23"><span class='ocrx_word' id='word_1_37' title='bbox 290 1267 406 1316; x_wconf 92' lang='lat' dir='ltr'><strong>sorum</strong></span> <span class='ocrx_word' id='word_1_38' title='bbox 423 1255 475 1314; x_wconf 92' lang='lat' dir='ltr'><strong>est</strong></span> <span class='ocrx_word' id='word_1_39' title='bbox 489 1245 629 1315; x_wconf 85' lang='lat' dir='ltr'><strong>oblitas.</strong></span> <span class='ocrx_word' id='word_1_40' title='bbox 641 1245 767 1313; x_wconf 85' lang='lat' dir='ltr'><strong>Postea</strong></span> <span class='ocrx_word' id='word_1_41' title='bbox 782 1244 827 1314; x_wconf 87' lang='grc' dir='ltr'><strong>Μ.</strong></span> <span class='ocrx_word' id='word_1_42' title='bbox 842 1243 973 1330; x_wconf 87' lang='lat' dir='ltr'><strong>Cicero,</strong></span> <span class='ocrx_word' id='word_1_43' title='bbox 986 1243 1028 1316; x_wconf 88' lang='lat' dir='ltr'><strong>ab</strong></span> <span class='ocrx_word' id='word_1_44' title='bbox 1043 1245 1165 1313; x_wconf 90' lang='lat' dir='ltr'><strong>eodem</strong></span> <span class='ocrx_word' id='word_1_45' title='bbox 1180 1243 1308 1314; x_wconf 87' lang='lat' dir='ltr'><strong>Archia</strong></span> <span class='ocrx_word' id='word_1_46' title='bbox 1322 1244 1365 1312; x_wconf 89' lang='lat' dir='ltr'><strong>ad</strong></span> <span class='ocrx_word' id='word_1_47' title='bbox 1380 1243 1513 1335; x_wconf 89' lang='lat' dir='ltr'><strong>poetica</strong></span> 
     </span>
     <span class='ocr_line' id='line_1_7' title="bbox 290 1358 1582 1452; baseline 0 -24"><span class='ocrx_word' id='word_1_48' title='bbox 290 1359 404 1434; x_wconf 87' lang='lat' dir='ltr'><strong>stadie</strong></span> <span class='ocrx_word' id='word_1_49' title='bbox 417 1361 622 1430; x_wconf 75' lang='lat' dir='ltr'><strong>informatus</strong></span> <span class='ocrx_word' id='word_1_50' title='bbox 638 1371 672 1428; x_wconf 92' lang='lat' dir='ltr'><strong>et</strong></span> <span class='ocrx_word' id='word_1_51' title='bbox 685 1360 743 1452; x_wconf 93' lang='lat' dir='ltr'><strong>qui</strong></span> <span class='ocrx_word' id='word_1_52' title='bbox 756 1359 915 1444; x_wconf 83' lang='lat' dir='ltr'><strong>Marium,</strong></span> <span class='ocrx_word' id='word_1_53' title='bbox 927 1370 966 1430; x_wconf 93' lang='lat' dir='ltr'><strong>ut</strong></span> <span class='ocrx_word' id='word_1_54' title='bbox 978 1359 1222 1451; x_wconf 78' lang='lat' dir='ltr'><strong>municipalem</strong></span> <span class='ocrx_word' id='word_1_55' title='bbox 1238 1381 1351 1442; x_wconf 84' lang='lat' dir='ltr'><strong>suum,</strong></span> <span class='ocrx_word' id='word_1_56' title='bbox 1364 1358 1513 1429; x_wconf 92' lang='lat' dir='ltr'><strong>nimium</strong></span> <span class='ocrx_word' id='word_1_57' title='bbox 1577 1407 1582 1415; x_wconf 88' lang='lat'><em>-</em></span> 
     </span>
     <span class='ocr_line' id='line_1_8' title="bbox 291 1474 1515 1568; baseline -0.002 -24"><span class='ocrx_word' id='word_1_58' title='bbox 291 1476 483 1557; x_wconf 88' lang='lat' dir='ltr'><strong>adamabat,</strong></span> <span class='ocrx_word' id='word_1_59' title='bbox 498 1476 542 1546; x_wconf 91' lang='lat' dir='ltr'><strong>ad</strong></span> <span class='ocrx_word' id='word_1_60' title='bbox 552 1474 644 1547; x_wconf 89' lang='lat' dir='ltr'><strong>idem</strong></span> <span class='ocrx_word' id='word_1_61' title='bbox 659 1483 901 1568; x_wconf 86' lang='lat' dir='ltr'><strong>argumentum</strong></span> <span class='ocrx_word' id='word_1_62' title='bbox 915 1496 951 1544; x_wconf 90' lang='lat' dir='ltr'><strong>se</strong></span> <span class='ocrx_word' id='word_1_63' title='bbox 961 1475 1146 1568; x_wconf 81' lang='lat' dir='ltr'><strong>applicavit</strong></span> <span class='ocrx_word' id='word_1_64' title='bbox 1156 1475 1363 1566; x_wconf 83' lang='lat' dir='ltr'><strong>longiusque</strong></span> <span class='ocrx_word' id='word_1_65' title='bbox 1378 1497 1515 1546; x_wconf 86' lang='lat' dir='ltr'><strong>carmen</strong></span> 
     </span>
     <span class='ocr_line' id='line_1_9' title="bbox 290 1589 1515 1682; baseline -0.003 -20"><span class='ocrx_word' id='word_1_66' title='bbox 290 1592 443 1662; x_wconf 91' lang='lat' dir='ltr'><strong>condidit</strong></span> <span class='ocrx_word' id='word_1_67' title='bbox 453 1591 687 1682; x_wconf 80' lang='lat' dir='ltr'><strong>quodMara&#39;us</strong></span> <span class='ocrx_word' id='word_1_68' title='bbox 702 1590 962 1662; x_wconf 86' lang='lat' dir='ltr'><strong>inscribebatur.</strong></span> <span class='ocrx_word' id='word_1_69' title='bbox 971 1592 1011 1660; x_wconf 94' lang='lat' dir='ltr'><strong>In</strong></span> <span class='ocrx_word' id='word_1_70' title='bbox 1025 1591 1079 1660; x_wconf 91' lang='lat' dir='ltr'><strong>his</strong></span> <span class='ocrx_word' id='word_1_71' title='bbox 1093 1589 1203 1675; x_wconf 77' lang='lat' dir='ltr'><strong>libna,</strong></span> <span class='ocrx_word' id='word_1_72' title='bbox 1219 1601 1257 1660; x_wconf 91' lang='lat' dir='ltr'><strong>ut</strong></span> <span class='ocrx_word' id='word_1_73' title='bbox 1269 1589 1340 1682; x_wconf 88' lang='lat' dir='ltr'><strong>ipse</strong></span> <span class='ocrx_word' id='word_1_74' title='bbox 1356 1591 1515 1674; x_wconf 77' lang='lat' dir='ltr'><strong>fatetur²,</strong></span> 
     </span>
     <span class='ocr_line' id='line_1_10' title="bbox 288 1705 1515 1798; baseline -0.002 -22"><span class='ocrx_word' id='word_1_75' title='bbox 288 1707 402 1798; x_wconf 86' lang='lat' dir='ltr'><strong>magis</strong></span> <span class='ocrx_word' id='word_1_76' title='bbox 423 1708 467 1778; x_wconf 87' lang='lat' dir='ltr'><strong>ad</strong></span> <span class='ocrx_word' id='word_1_77' title='bbox 482 1706 747 1777; x_wconf 90' lang='lat' dir='ltr'><strong>delectationem</strong></span> <span class='ocrx_word' id='word_1_78' title='bbox 770 1728 875 1798; x_wconf 93' lang='lat' dir='ltr'><strong>quam</strong></span> <span class='ocrx_word' id='word_1_79' title='bbox 890 1705 934 1776; x_wconf 88' lang='lat' dir='ltr'><strong>ad</strong></span> <span class='ocrx_word' id='word_1_80' title='bbox 947 1707 1127 1778; x_wconf 90' lang='lat' dir='ltr'><strong>veritatem</strong></span> <span class='ocrx_word' id='word_1_81' title='bbox 1143 1706 1425 1786; x_wconf 81' lang='lat' dir='ltr'><strong>accommodatis,</strong></span> <span class='ocrx_word' id='word_1_82' title='bbox 1443 1728 1515 1776; x_wconf 88' lang='lat' dir='ltr'><strong>am-</strong></span> 
     </span>
     <span class='ocr_line' id='line_1_11' title="bbox 288 1820 1602 1915; baseline -0.002 -25"><span class='ocrx_word' id='word_1_83' title='bbox 288 1821 380 1912; x_wconf 90' lang='lat' dir='ltr'><strong>plius</strong></span> <span class='ocrx_word' id='word_1_84' title='bbox 396 1821 605 1892; x_wconf 89' lang='lat' dir='ltr'><strong>curriculum</strong></span> <span class='ocrx_word' id='word_1_85' title='bbox 617 1844 720 1912; x_wconf 89' lang='lat' dir='ltr'><strong>quam</strong></span> <span class='ocrx_word' id='word_1_86' title='bbox 735 1821 880 1894; x_wconf 81' lang='lat' dir='ltr'><strong>Archias</strong></span> <span class='ocrx_word' id='word_1_87' title='bbox 894 1831 1106 1913; x_wconf 89' lang='lat' dir='ltr'><strong>percurrerat</strong></span> <span class='ocrx_word' id='word_1_88' title='bbox 1116 1844 1257 1914; x_wconf 79' lang='lat' dir='ltr'><strong>;.nempe</strong></span> <span class='ocrx_word' id='word_1_89' title='bbox 1269 1831 1303 1892; x_wconf 92' lang='lat' dir='ltr'><strong>ct</strong></span> <span class='ocrx_word' id='word_1_90' title='bbox 1313 1820 1355 1889; x_wconf 92' lang='lat' dir='ltr'><strong>de</strong></span> <span class='ocrx_word' id='word_1_91' title='bbox 1369 1820 1518 1915; x_wconf 89' lang='lat' dir='ltr'><strong>pueritia</strong></span> <span class='ocrx_word' id='word_1_92' title='bbox 1598 1871 1602 1880; x_wconf 88' lang='lat'>.</span> 
     </span>
     <span class='ocr_line' id='line_1_12' title="bbox 288 1936 1513 2029; baseline -0.005 -21"><span class='ocrx_word' id='word_1_93' title='bbox 288 1937 387 2008; x_wconf 88' lang='lat' dir='ltr'><strong>Marii</strong></span> <span class='ocrx_word' id='word_1_94' title='bbox 405 1947 439 2006; x_wconf 92' lang='lat' dir='ltr'><strong>et</strong></span> <span class='ocrx_word' id='word_1_95' title='bbox 453 1938 495 2007; x_wconf 94' lang='lat' dir='ltr'><strong>de</strong></span> <span class='ocrx_word' id='word_1_96' title='bbox 510 1937 728 2029; x_wconf 83' lang='lat' dir='ltr'><strong>Arpinatium</strong></span> <span class='ocrx_word' id='word_1_97' title='bbox 754 1960 882 2028; x_wconf 90' lang='lat' dir='ltr'><strong>quercu</strong></span> <span class='ocrx_word' id='word_1_98' title='bbox 905 1937 1069 2008; x_wconf 85' lang='lat' dir='ltr'><strong>familiari</strong></span> <span class='ocrx_word' id='word_1_99' title='bbox 1096 1938 1309 2006; x_wconf 87' lang='lat' dir='ltr'><strong>mentionem</strong></span> <span class='ocrx_word' id='word_1_100' title='bbox 1337 1936 1513 2028; x_wconf 86' lang='lat' dir='ltr'><strong>injecerat,</strong></span> 
     </span>
     <span class='ocr_line' id='line_1_13' title="bbox 288 2051 1513 2143; baseline 0 -21"><span class='ocrx_word' id='word_1_101' title='bbox 288 2063 323 2122; x_wconf 89' lang='lat' dir='ltr'><strong>et</strong></span> <span class='ocrx_word' id='word_1_102' title='bbox 333 2053 453 2143; x_wconf 84' lang='lat' dir='ltr'><strong>fugam</strong></span> <span class='ocrx_word' id='word_1_103' title='bbox 466 2056 541 2143; x_wconf 84' lang='lat' dir='ltr'><strong>ejus</strong></span> <span class='ocrx_word' id='word_1_104' title='bbox 553 2052 588 2121; x_wconf 91' lang='lat' dir='ltr'><strong>in</strong></span> <span class='ocrx_word' id='word_1_105' title='bbox 601 2053 750 2122; x_wconf 82' lang='lat' dir='ltr'><strong>Africam</strong></span> <span class='ocrx_word' id='word_1_106' title='bbox 763 2060 840 2143; x_wconf 89' lang='lat' dir='ltr'><strong>post</strong></span> <span class='ocrx_word' id='word_1_107' title='bbox 849 2052 996 2143; x_wconf 92' lang='lat' dir='ltr'><strong>primam</strong></span> <span class='ocrx_word' id='word_1_108' title='bbox 1008 2052 1135 2126; x_wconf 91' lang='lat' dir='ltr'><strong>bellum</strong></span> <span class='ocrx_word' id='word_1_109' title='bbox 1145 2051 1245 2122; x_wconf 91' lang='lat' dir='ltr'><strong>civile</strong></span> <span class='ocrx_word' id='word_1_110' title='bbox 1256 2051 1513 2142; x_wconf 82' lang='lat' dir='ltr'><strong>descripserat⁸.</strong></span> 
     </span>
     <span class='ocr_line' id='line_1_14' title="bbox 287 2165 1515 2260; baseline -0.004 -22"><span class='ocrx_word' id='word_1_111' title='bbox 287 2168 406 2260; x_wconf 91' lang='lat' dir='ltr'><strong>Ipsum</strong></span> <span class='ocrx_word' id='word_1_112' title='bbox 434 2190 575 2258; x_wconf 87' lang='lat' dir='ltr'><strong>poema,</strong></span> <span class='ocrx_word' id='word_1_113' title='bbox 602 2191 797 2260; x_wconf 91' lang='lat' dir='ltr'><strong>quanquam</strong></span> <span class='ocrx_word' id='word_1_114' title='bbox 827 2169 869 2238; x_wconf 91' lang='lat' dir='ltr'><strong>ah</strong></span> <span class='ocrx_word' id='word_1_115' title='bbox 900 2167 1106 2259; x_wconf 81' lang='lat' dir='ltr'><strong>imperatore</strong></span> <span class='ocrx_word' id='word_1_116' title='bbox 1144 2167 1315 2238; x_wconf 88' lang='lat' dir='ltr'><strong>Gordiano</strong></span> <span class='ocrx_word' id='word_1_117' title='bbox 1347 2165 1515 2259; x_wconf 92' lang='lat' dir='ltr'><strong>quodam-</strong></span> 
     </span>
     <span class='ocr_line' id='line_1_15' title="bbox 289 2281 1514 2376; baseline -0.005 -20"><span class='ocrx_word' id='word_1_118' title='bbox 289 2284 390 2356; x_wconf 93' lang='lat' dir='ltr'><strong>modo</strong></span> <span class='ocrx_word' id='word_1_119' title='bbox 407 2293 612 2354; x_wconf 91' lang='lat' dir='ltr'><strong>renovatum</strong></span> <span class='ocrx_word' id='word_1_120' title='bbox 629 2284 652 2369; x_wconf 79' lang='lat'><strong>⁴,</strong></span> <span class='ocrx_word' id='word_1_121' title='bbox 671 2283 816 2368; x_wconf 88' lang='lat' dir='ltr'><strong>interiit,</strong></span> <span class='ocrx_word' id='word_1_122' title='bbox 834 2305 979 2376; x_wconf 90' lang='lat' dir='ltr'><strong>spesque</strong></span> <span class='ocrx_word' id='word_1_123' title='bbox 994 2283 1118 2356; x_wconf 84' lang='lat' dir='ltr'><strong>fefellit</strong></span> <span class='ocrx_word' id='word_1_124' title='bbox 1137 2285 1177 2370; x_wconf 89' lang='lat' dir='ltr'><strong>Q.</strong></span> <span class='ocrx_word' id='word_1_125' title='bbox 1196 2283 1380 2358; x_wconf 84' lang='lat' dir='ltr'><strong>Scaevolae</strong></span> <span class='ocrx_word' id='word_1_126' title='bbox 1396 2283 1454 2376; x_wconf 90' lang='lat' dir='ltr'><strong>qui</strong></span> <span class='ocrx_word' id='word_1_127' title='bbox 1473 2281 1514 2353; x_wconf 92' lang='lat' dir='ltr'><strong>de</strong></span> 
     </span>
     <span class='ocr_line' id='line_1_16' title="bbox 289 2399 587 2495; baseline 0.013 -27"><span class='ocrx_word' id='word_1_128' title='bbox 289 2422 330 2469; x_wconf 91' lang='lat' dir='ltr'><strong>eo</strong></span> <span class='ocrx_word' id='word_1_129' title='bbox 348 2399 587 2495; x_wconf 81' lang='lat' dir='ltr'><strong>praedixerat:</strong></span> 
     </span>
    </p>
   </div>
   <div class='ocr_carea' id='block_1_3' title="bbox 569 2569 1136 2633">
    <p class='ocr_par' dir='ltr' id='par_1_3' title="bbox 569 2569 1136 2633">
     <span class='ocr_line' id='line_1_17' title="bbox 569 2569 1136 2633; baseline -0.005 0"><span class='ocrx_word' id='word_1_130' title='bbox 569 2569 713 2633; x_wconf 87' lang='lat' dir='ltr'><strong>Canescet</strong></span> <span class='ocrx_word' id='word_1_131' title='bbox 727 2569 815 2631; x_wconf 83' lang='lat' dir='ltr'><strong>seclis</strong></span> <span class='ocrx_word' id='word_1_132' title='bbox 829 2569 1105 2632; x_wconf 83' lang='lat' dir='ltr'><strong>innumerabilibus</strong></span> <span class='ocrx_word' id='word_1_133' title='bbox 1115 2571 1136 2630; x_wconf 81' lang='lat'><strong>⁸.</strong></span> 
     </span>
    </p>
   </div>
   <div class='ocr_carea' id='block_1_4' title="bbox 286 2749 1513 2848">
    <p class='ocr_par' dir='ltr' id='par_1_4' title="bbox 286 2749 1513 2848">
     <span class='ocr_line' id='line_1_18' title="bbox 286 2749 1513 2848; baseline -0.003 -25"><span class='ocrx_word' id='word_1_134' title='bbox 286 2749 402 2823; x_wconf 90' lang='lat' dir='ltr'><strong>Unum</strong></span> <span class='ocrx_word' id='word_1_135' title='bbox 418 2759 575 2842; x_wconf 83' lang='lat' dir='ltr'><strong>superest</strong></span> <span class='ocrx_word' id='word_1_136' title='bbox 589 2749 847 2840; x_wconf 89' lang='lat' dir='ltr'><strong>longiusculum</strong></span> <span class='ocrx_word' id='word_1_137' title='bbox 861 2749 1096 2840; x_wconf 81' lang='lat' dir='ltr'><strong>fragmentum</strong></span> <span class='ocrx_word' id='word_1_138' title='bbox 1108 2751 1134 2848; x_wconf 60' lang='grc' dir='ltr'><strong>ξ,</strong></span> <span class='ocrx_word' id='word_1_139' title='bbox 1152 2749 1209 2824; x_wconf 91' lang='lat' dir='ltr'><strong>uhi</strong></span> <span class='ocrx_word' id='word_1_140' title='bbox 1227 2749 1262 2820; x_wconf 90' lang='lat' dir='ltr'><strong>in</strong></span> <span class='ocrx_word' id='word_1_141' title='bbox 1280 2749 1421 2822; x_wconf 84' lang='lat' dir='ltr'><strong>Homeri</strong></span> <span class='ocrx_word' id='word_1_142' title='bbox 1437 2773 1513 2822; x_wconf 94' lang='lat' dir='ltr'><strong>mo-</strong></span> 
     </span>
    </p>
   </div>
   <div class='ocr_carea' id='block_1_5' title="bbox 283 2864 1515 3881">
    <p class='ocr_par' dir='ltr' id='par_1_5' title="bbox 283 2864 1515 3881">
     <span class='ocr_line' id='line_1_19' title="bbox 287 2864 1513 2958; baseline 0.002 -25"><span class='ocrx_word' id='word_1_143' title='bbox 287 2864 369 2933; x_wconf 90' lang='lat' dir='ltr'><strong>dam</strong></span> <span class='ocrx_word' id='word_1_144' title='bbox 385 2864 587 2934; x_wconf 88' lang='lat' dir='ltr'><strong>describitur</strong></span> <span class='ocrx_word' id='word_1_145' title='bbox 600 2865 786 2954; x_wconf 87' lang='lat' dir='ltr'><strong>augurium</strong></span> <span class='ocrx_word' id='word_1_146' title='bbox 806 2864 941 2956; x_wconf 87' lang='lat' dir='ltr'><strong>aquilae</strong></span> <span class='ocrx_word' id='word_1_147' title='bbox 962 2875 1157 2958; x_wconf 87' lang='lat' dir='ltr'><strong>serpentem</strong></span> <span class='ocrx_word' id='word_1_148' title='bbox 1180 2865 1428 2948; x_wconf 87' lang='lat' dir='ltr'><strong>interficientis,</strong></span> <span class='ocrx_word' id='word_1_149' title='bbox 1445 2890 1513 2957; x_wconf 93' lang='lat' dir='ltr'><strong>quo</strong></span> 
     </span>
     <span class='ocr_line' id='line_1_20' title="bbox 287 2978 1514 3072; baseline 0.003 -26"><span class='ocrx_word' id='word_1_150' title='bbox 287 2978 352 3048; x_wconf 92' lang='lat' dir='ltr'><strong>sihi</strong></span> <span class='ocrx_word' id='word_1_151' title='bbox 390 2979 572 3050; x_wconf 90' lang='lat' dir='ltr'><strong>victoriam</strong></span> <span class='ocrx_word' id='word_1_152' title='bbox 598 2979 757 3072; x_wconf 89' lang='lat' dir='ltr'><strong>portendi</strong></span> <span class='ocrx_word' id='word_1_153' title='bbox 790 2981 920 3054; x_wconf 84' lang='lat' dir='ltr'><strong>Marius</strong></span> <span class='ocrx_word' id='word_1_154' title='bbox 952 2981 1128 3071; x_wconf 85' lang='lat' dir='ltr'><strong>intelligit.</strong></span> <span class='ocrx_word' id='word_1_155' title='bbox 1165 2981 1259 3052; x_wconf 87' lang='lat' dir='ltr'><strong>Haec</strong></span> <span class='ocrx_word' id='word_1_156' title='bbox 1292 3005 1334 3053; x_wconf 85' lang='lat' dir='ltr'><strong>cx</strong></span> <span class='ocrx_word' id='word_1_157' title='bbox 1366 2982 1514 3056; x_wconf 89' lang='lat' dir='ltr'><strong>Archiae</strong></span> 
     </span>
     <span class='ocr_line' id='line_1_21' title="bbox 286 3096 1515 3188; baseline 0.003 -26"><span class='ocrx_word' id='word_1_158' title='bbox 286 3104 444 3186; x_wconf 91' lang='lat' dir='ltr'><strong>poemate</strong></span> <span class='ocrx_word' id='word_1_159' title='bbox 469 3096 610 3168; x_wconf 85' lang='lat' dir='ltr'><strong>fluxisse</strong></span> <span class='ocrx_word' id='word_1_160' title='bbox 633 3118 703 3168; x_wconf 91' lang='lat' dir='ltr'><strong>non</strong></span> <span class='ocrx_word' id='word_1_161' title='bbox 727 3104 857 3166; x_wconf 88' lang='lat' dir='ltr'><strong>temere</strong></span> <span class='ocrx_word' id='word_1_162' title='bbox 887 3096 1010 3188; x_wconf 87' lang='lat' dir='ltr'><strong>aliquis</strong></span> <span class='ocrx_word' id='word_1_163' title='bbox 1033 3097 1212 3188; x_wconf 90' lang='lat' dir='ltr'><strong>conjiciat;</strong></span> <span class='ocrx_word' id='word_1_164' title='bbox 1237 3117 1317 3169; x_wconf 87' lang='lat' dir='ltr'><strong>nam</strong></span> <span class='ocrx_word' id='word_1_165' title='bbox 1339 3097 1397 3187; x_wconf 90' lang='lat' dir='ltr'><strong>qui</strong></span> <span class='ocrx_word' id='word_1_166' title='bbox 1417 3098 1515 3167; x_wconf 87' lang='lat' dir='ltr'><strong>Arati</strong></span> 
     </span>
     <span class='ocr_line' id='line_1_22' title="bbox 285 3211 1514 3305; baseline -0.001 -22"><span class='ocrx_word' id='word_1_167' title='bbox 285 3213 447 3298; x_wconf 69' lang='lat' dir='ltr'><strong>baritana</strong></span> <span class='ocrx_word' id='word_1_168' title='bbox 463 3211 568 3284; x_wconf 88' lang='lat' dir='ltr'><strong>latine</strong></span> <span class='ocrx_word' id='word_1_169' title='bbox 581 3213 695 3298; x_wconf 83' lang='lat' dir='ltr'><strong>vertit,</strong></span> <span class='ocrx_word' id='word_1_170' title='bbox 716 3212 827 3305; x_wconf 87' lang='lat' dir='ltr'><strong>potuit</strong></span> <span class='ocrx_word' id='word_1_171' title='bbox 843 3212 948 3282; x_wconf 89' lang='lat' dir='ltr'><strong>etiam</strong></span> <span class='ocrx_word' id='word_1_172' title='bbox 963 3211 1113 3284; x_wconf 88' lang='lat' dir='ltr'><strong>Archiae</strong></span> <span class='ocrx_word' id='word_1_173' title='bbox 1126 3217 1272 3304; x_wconf 74' lang='grc' dir='ltr'>Κιμόρικά</span> <span class='ocrx_word' id='word_1_174' title='bbox 1286 3212 1427 3284; x_wconf 88' lang='lat' dir='ltr'><strong>imitari.</strong></span> <span class='ocrx_word' id='word_1_175' title='bbox 1447 3213 1514 3282; x_wconf 90' lang='lat' dir='ltr'><strong>Sed</strong></span> 
     </span>
     <span class='ocr_line' id='line_1_23' title="bbox 285 3327 1513 3419; baseline 0.002 -22"><span class='ocrx_word' id='word_1_176' title='bbox 285 3327 445 3417; x_wconf 85' lang='lat' dir='ltr'><strong>qualibus</strong></span> <span class='ocrx_word' id='word_1_177' title='bbox 469 3328 681 3402; x_wconf 88' lang='lat' dir='ltr'><strong>ornamentis</strong></span> <span class='ocrx_word' id='word_1_178' title='bbox 706 3337 886 3419; x_wconf 87' lang='lat' dir='ltr'><strong>poetarum</strong></span> <span class='ocrx_word' id='word_1_179' title='bbox 907 3327 1062 3397; x_wconf 91' lang='lat' dir='ltr'><strong>inventio</strong></span> <span class='ocrx_word' id='word_1_180' title='bbox 1087 3338 1260 3398; x_wconf 91' lang='lat' dir='ltr'><strong>recentem</strong></span> <span class='ocrx_word' id='word_1_181' title='bbox 1286 3329 1380 3402; x_wconf 91' lang='lat' dir='ltr'><strong>illam</strong></span> <span class='ocrx_word' id='word_1_182' title='bbox 1403 3337 1513 3401; x_wconf 90' lang='lat' dir='ltr'><strong>matc-</strong></span> 
     </span>
     <span class='ocr_line' id='line_1_24' title="bbox 283 3441 1513 3536; baseline 0.002 -26"><span class='ocrx_word' id='word_1_183' title='bbox 283 3441 372 3512; x_wconf 89' lang='lat' dir='ltr'><strong>riam</strong></span> <span class='ocrx_word' id='word_1_184' title='bbox 397 3443 620 3536; x_wconf 85' lang='lat' dir='ltr'><strong>eamdemque</strong></span> <span class='ocrx_word' id='word_1_185' title='bbox 644 3443 843 3515; x_wconf 86' lang='lat' dir='ltr'><strong>historicam</strong></span> <span class='ocrx_word' id='word_1_186' title='bbox 866 3444 998 3515; x_wconf 88' lang='lat' dir='ltr'><strong>variare</strong></span> <span class='ocrx_word' id='word_1_187' title='bbox 1027 3465 1111 3518; x_wconf 86' lang='lat' dir='ltr'><strong>ausa</strong></span> <span class='ocrx_word' id='word_1_188' title='bbox 1136 3445 1191 3528; x_wconf 93' lang='lat' dir='ltr'><strong>sit,</strong></span> <span class='ocrx_word' id='word_1_189' title='bbox 1219 3444 1445 3534; x_wconf 89' lang='lat' dir='ltr'><strong>intelligimus</strong></span> <span class='ocrx_word' id='word_1_190' title='bbox 1470 3467 1513 3513; x_wconf 84' lang='lat' dir='ltr'><strong>ex</strong></span> 
     </span>
     <span class='ocr_line' id='line_1_25' title="bbox 284 3557 1514 3651; baseline 0.002 -26"><span class='ocrx_word' id='word_1_191' title='bbox 284 3558 478 3649; x_wconf 85' lang='lat' dir='ltr'><strong>fragmento</strong></span> <span class='ocrx_word' id='word_1_192' title='bbox 503 3557 660 3627; x_wconf 87' lang='lat' dir='ltr'><strong>Dosithei</strong></span> <span class='ocrx_word' id='word_1_193' title='bbox 686 3559 876 3650; x_wconf 85' lang='lat' dir='ltr'><strong>cujusdam,</strong></span> <span class='ocrx_word' id='word_1_194' title='bbox 893 3558 1046 3627; x_wconf 91' lang='lat' dir='ltr'><strong>historici</strong></span> <span class='ocrx_word' id='word_1_195' title='bbox 1074 3558 1137 3627; x_wconf 90' lang='lat' dir='ltr'><strong>sihi</strong></span> <span class='ocrx_word' id='word_1_196' title='bbox 1162 3559 1239 3642; x_wconf 88' lang='lat' dir='ltr'><strong>visi,</strong></span> <span class='ocrx_word' id='word_1_197' title='bbox 1273 3560 1332 3651; x_wconf 92' lang='lat' dir='ltr'><strong>qui</strong></span> <span class='ocrx_word' id='word_1_198' title='bbox 1362 3559 1514 3628; x_wconf 87' lang='lat' dir='ltr'><strong>narravit</strong></span> 
     </span>
     <span class='ocr_line' id='line_1_26' title="bbox 284 3673 1513 3764; baseline 0 -20"><span class='ocrx_word' id='word_1_199' title='bbox 284 3673 445 3756; x_wconf 87' lang='lat' dir='ltr'><strong>Marium,</strong></span> <span class='ocrx_word' id='word_1_200' title='bbox 470 3696 549 3745; x_wconf 89' lang='lat' dir='ltr'><strong>cum</strong></span> <span class='ocrx_word' id='word_1_201' title='bbox 568 3674 732 3748; x_wconf 89' lang='lat' dir='ltr'><strong>adversus</strong></span> <span class='ocrx_word' id='word_1_202' title='bbox 757 3673 913 3744; x_wconf 88' lang='lat' dir='ltr'><strong>Cimbros</strong></span> <span class='ocrx_word' id='word_1_203' title='bbox 939 3674 1068 3744; x_wconf 92' lang='lat' dir='ltr'><strong>bellum</strong></span> <span class='ocrx_word' id='word_1_204' title='bbox 1083 3684 1236 3764; x_wconf 30' lang='lat' dir='ltr'><strong>gereret*</strong></span> <span class='ocrx_word' id='word_1_205' title='bbox 1253 3697 1375 3744; x_wconf 91' lang='lat' dir='ltr'><strong>somno</strong></span> <span class='ocrx_word' id='word_1_206' title='bbox 1394 3675 1513 3744; x_wconf 88' lang='lat' dir='ltr'><strong>admo-</strong></span> 
     </span>
     <span class='ocr_line' id='line_1_27' title="bbox 284 3788 1404 3881; baseline 0.005 -25"><span class='ocrx_word' id='word_1_207' title='bbox 284 3788 407 3873; x_wconf 91' lang='lat' dir='ltr'><strong>nitum,</strong></span> <span class='ocrx_word' id='word_1_208' title='bbox 425 3789 533 3858; x_wconf 91' lang='lat' dir='ltr'><strong>filiam</strong></span> <span class='ocrx_word' id='word_1_209' title='bbox 550 3811 660 3869; x_wconf 90' lang='lat' dir='ltr'><strong>suam,</strong></span> <span class='ocrx_word' id='word_1_210' title='bbox 679 3790 899 3881; x_wconf 87' lang='lat' dir='ltr'><strong>Calpurniam</strong></span> <span class='ocrx_word' id='word_1_211' title='bbox 914 3789 1066 3876; x_wconf 90' lang='lat' dir='ltr'><strong>nomine,</strong></span> <span class='ocrx_word' id='word_1_212' title='bbox 1084 3790 1151 3858; x_wconf 92' lang='lat' dir='ltr'><strong>diis</strong></span> <span class='ocrx_word' id='word_1_213' title='bbox 1169 3791 1371 3861; x_wconf 87' lang='lat' dir='ltr'><strong>mactavisse</strong></span> <span class='ocrx_word' id='word_1_214' title='bbox 1382 3793 1404 3862; x_wconf 79' lang='lat'><strong>².</strong></span> 
     </span>
    </p>
   </div>
   <div class='ocr_carea' id='block_1_6' title="bbox 278 4011 1514 4808">
    <p class='ocr_par' dir='ltr' id='par_1_6' title="bbox 321 4011 679 4082">
     <span class='ocr_line' id='line_1_28' title="bbox 321 4011 679 4082; baseline 0.003 -13"><span class='ocrx_word' id='word_1_215' title='bbox 321 4011 346 4069; x_wconf 83' lang='lat' dir='ltr'><strong>l.</strong></span> <span class='ocrx_word' id='word_1_216' title='bbox 363 4013 417 4068; x_wconf 88' lang='lat' dir='ltr'><strong>Pro</strong></span> <span class='ocrx_word' id='word_1_217' title='bbox 432 4012 548 4082; x_wconf 75' lang='lat' dir='ltr'><strong>Archia,</strong></span> <span class='ocrx_word' id='word_1_218' title='bbox 565 4011 613 4082; x_wconf 87' lang='lat' dir='ltr'><strong>lx,</strong></span> <span class='ocrx_word' id='word_1_219' title='bbox 633 4012 679 4070; x_wconf 83' lang='lat'><strong>20.</strong></span> 
     </span>
    </p>

    <p class='ocr_par' dir='ltr' id='par_1_7' title="bbox 282 4090 1514 4238">
     <span class='ocr_line' id='line_1_29' title="bbox 317 4090 1514 4160; baseline 0.008 -16"><span class='ocrx_word' id='word_1_220' title='bbox 317 4090 345 4145; x_wconf 89' lang='lat'><strong>2.</strong></span> <span class='ocrx_word' id='word_1_221' title='bbox 361 4091 530 4159; x_wconf 76' lang='lat' dir='ltr'><strong>Delaqibus,</strong></span> <span class='ocrx_word' id='word_1_222' title='bbox 548 4091 568 4160; x_wconf 86' lang='lat' dir='ltr'><strong>l,</strong></span> <span class='ocrx_word' id='word_1_223' title='bbox 585 4094 611 4149; x_wconf 89' lang='lat' dir='ltr'><strong>l.</strong></span> <span class='ocrx_word' id='word_1_224' title='bbox 632 4091 746 4148; x_wconf 90' lang='lat' dir='ltr'><strong>Carmen</strong></span> <span class='ocrx_word' id='word_1_225' title='bbox 773 4091 931 4150; x_wconf 90' lang='lat' dir='ltr'><strong>ahsolutum</strong></span> <span class='ocrx_word' id='word_1_226' title='bbox 951 4091 1001 4152; x_wconf 87' lang='lat' dir='ltr'><strong>luit</strong></span> <span class='ocrx_word' id='word_1_227' title='bbox 1017 4100 1081 4151; x_wconf 90' lang='lat' dir='ltr'><strong>ante</strong></span> <span class='ocrx_word' id='word_1_228' title='bbox 1099 4110 1201 4152; x_wconf 90' lang='lat' dir='ltr'><strong>annum</strong></span> <span class='ocrx_word' id='word_1_229' title='bbox 1215 4093 1269 4151; x_wconf 86' lang='lat'><strong>709</strong></span> <span class='ocrx_word' id='word_1_230' title='bbox 1283 4093 1316 4152; x_wconf 91' lang='lat' dir='ltr'><strong>U.</strong></span> <span class='ocrx_word' id='word_1_231' title='bbox 1334 4093 1364 4152; x_wconf 92' lang='lat' dir='ltr'><strong>C.</strong></span> <span class='ocrx_word' id='word_1_232' title='bbox 1384 4095 1453 4151; x_wconf 91' lang='lat' dir='ltr'><strong>Vide</strong></span> <span class='ocrx_word' id='word_1_233' title='bbox 1466 4097 1514 4153; x_wconf 86' lang='lat' dir='ltr'><strong>Ad</strong></span> 
     </span>
     <span class='ocr_line' id='line_1_30' title="bbox 282 4169 982 4238; baseline 0.014 -12"><span class='ocrx_word' id='word_1_234' title='bbox 282 4170 355 4237; x_wconf 78' lang='lat' dir='ltr'><strong>Act,</strong></span> <span class='ocrx_word' id='word_1_235' title='bbox 370 4169 432 4238; x_wconf 85' lang='lat' dir='ltr'><strong>llll,</strong></span> <span class='ocrx_word' id='word_1_236' title='bbox 448 4172 493 4229; x_wconf 76' lang='lat'><strong>49.</strong></span> <span class='ocrx_word' id='word_1_237' title='bbox 978 4228 982 4236; x_wconf 92' lang='lat'><em>.</em></span> 
     </span>
    </p>

    <p class='ocr_par' dir='ltr' id='par_1_8' title="bbox 278 4249 1511 4398">
     <span class='ocr_line' id='line_1_31' title="bbox 317 4249 1511 4328; baseline 0.008 -26"><span class='ocrx_word' id='word_1_238' title='bbox 317 4249 344 4308; x_wconf 85' lang='lat'><strong>3.</strong></span> <span class='ocrx_word' id='word_1_239' title='bbox 361 4249 407 4308; x_wconf 87' lang='lat' dir='ltr'><strong>Fr.</strong></span> <span class='ocrx_word' id='word_1_240' title='bbox 429 4250 501 4322; x_wconf 90' lang='lat' dir='ltr'><strong>apud</strong></span> <span class='ocrx_word' id='word_1_241' title='bbox 522 4249 669 4318; x_wconf 87' lang='lat' dir='ltr'><strong>Isidorum,</strong></span> <span class='ocrx_word' id='word_1_242' title='bbox 696 4251 770 4318; x_wconf 90' lang='lat' dir='ltr'>XIX,</span> <span class='ocrx_word' id='word_1_243' title='bbox 794 4268 813 4318; x_wconf 90' lang='lat'><strong>1,</strong></span> <span class='ocrx_word' id='word_1_244' title='bbox 837 4252 873 4306; x_wconf 87' lang='lat'><strong>20</strong></span> <span class='ocrx_word' id='word_1_245' title='bbox 894 4269 902 4306; x_wconf 88' lang='lat'><strong>:</strong></span> <span class='ocrx_word' id='word_1_246' title='bbox 925 4255 1000 4310; x_wconf 76' lang='lat' dir='ltr'><strong>Tunc</strong></span> <span class='ocrx_word' id='word_1_247' title='bbox 1022 4268 1049 4309; x_wconf 86' lang='lat' dir='ltr'><strong>se</strong></span> <span class='ocrx_word' id='word_1_248' title='bbox 1067 4255 1210 4326; x_wconf 66' lang='lat' dir='ltr'><strong>fluctigero</strong></span> <span class='ocrx_word' id='word_1_249' title='bbox 1236 4254 1325 4310; x_wconf 86' lang='lat' dir='ltr'><strong>tradit</strong></span> <span class='ocrx_word' id='word_1_250' title='bbox 1343 4256 1511 4328; x_wconf 83' lang='lat' dir='ltr'><strong>mandatque</strong></span> 
     </span>
     <span class='ocr_line' id='line_1_32' title="bbox 278 4327 711 4398; baseline 0.007 -17"><span class='ocrx_word' id='word_1_251' title='bbox 278 4330 392 4398; x_wconf 79' lang='lat' dir='ltr'><strong>paroni.</strong></span> <span class='ocrx_word' id='word_1_252' title='bbox 408 4328 450 4384; x_wconf 80' lang='lat' dir='ltr'><strong>cf.</strong></span> <span class='ocrx_word' id='word_1_253' title='bbox 468 4327 554 4396; x_wconf 73' lang='lat' dir='ltr'><strong>Plau,</strong></span> <span class='ocrx_word' id='word_1_254' title='bbox 566 4332 650 4396; x_wconf 73' lang='lat' dir='ltr'><strong>blaa,</strong></span> <span class='ocrx_word' id='word_1_255' title='bbox 667 4330 711 4384; x_wconf 80' lang='lat' dir='ltr'><strong>to.</strong></span> 
     </span>
    </p>

    <p class='ocr_par' dir='ltr' id='par_1_9' title="bbox 319 4407 708 4480">
     <span class='ocr_line' id='line_1_33' title="bbox 319 4407 708 4480; baseline 0.005 -17"><span class='ocrx_word' id='word_1_256' title='bbox 319 4407 345 4466; x_wconf 84' lang='grc'><strong>4.</strong></span> <span class='ocrx_word' id='word_1_257' title='bbox 367 4409 433 4464; x_wconf 84' lang='lat' dir='ltr'><strong>Vita</strong></span> <span class='ocrx_word' id='word_1_258' title='bbox 448 4408 591 4480; x_wconf 78' lang='lat' dir='ltr'><strong>Gordiani,</strong></span> <span class='ocrx_word' id='word_1_259' title='bbox 612 4409 661 4476; x_wconf 84' lang='grc' dir='ltr'><strong>ΙΙΙ,</strong></span> <span class='ocrx_word' id='word_1_260' title='bbox 682 4412 708 4466; x_wconf 94' lang='grc'><strong>2.</strong></span> 
     </span>
    </p>

    <p class='ocr_par' dir='ltr' id='par_1_10' title="bbox 283 4487 1513 4644">
     <span class='ocr_line' id='line_1_34' title="bbox 316 4487 1513 4567; baseline 0.009 -26"><span class='ocrx_word' id='word_1_261' title='bbox 316 4487 344 4541; x_wconf 90' lang='grc'><strong>5.</strong></span> <span class='ocrx_word' id='word_1_262' title='bbox 358 4489 398 4543; x_wconf 83' lang='lat' dir='ltr'><strong>Da</strong></span> <span class='ocrx_word' id='word_1_263' title='bbox 420 4488 483 4557; x_wconf 69' lang='lat' dir='ltr'><strong>lca„</strong></span> <span class='ocrx_word' id='word_1_264' title='bbox 504 4487 556 4547; x_wconf 90' lang='lat' dir='ltr'><strong>loc.</strong></span> <span class='ocrx_word' id='word_1_265' title='bbox 575 4487 621 4543; x_wconf 84' lang='lat' dir='ltr'><strong>cit.</strong></span> <span class='ocrx_word' id='word_1_266' title='bbox 642 4488 706 4546; x_wconf 88' lang='lat' dir='ltr'><strong>Fuit</strong></span> <span class='ocrx_word' id='word_1_267' title='bbox 730 4489 775 4547; x_wconf 87' lang='lat' dir='ltr'><strong>hie</strong></span> <span class='ocrx_word' id='word_1_268' title='bbox 790 4489 922 4547; x_wconf 84' lang='lat' dir='ltr'><strong>Scaevola</strong></span> <span class='ocrx_word' id='word_1_269' title='bbox 946 4491 1087 4548; x_wconf 85' lang='lat' dir='ltr'><strong>familiaris</strong></span> <span class='ocrx_word' id='word_1_270' title='bbox 1112 4493 1145 4562; x_wconf 88' lang='lat' dir='ltr'><strong>Q.</strong></span> <span class='ocrx_word' id='word_1_271' title='bbox 1169 4492 1308 4551; x_wconf 84' lang='lat' dir='ltr'><strong>Ciceronis</strong></span> <span class='ocrx_word' id='word_1_272' title='bbox 1326 4499 1408 4567; x_wconf 89' lang='lat' dir='ltr'><strong>atque</strong></span> <span class='ocrx_word' id='word_1_273' title='bbox 1430 4495 1513 4554; x_wconf 88' lang='lat' dir='ltr'><strong>etiam</strong></span> 
     </span>
     <span class='ocr_line' id='line_1_35' title="bbox 283 4566 1458 4644; baseline 0.01 -24"><span class='ocrx_word' id='word_1_274' title='bbox 283 4582 383 4636; x_wconf 87' lang='lat' dir='ltr'><strong>graeca</strong></span> <span class='ocrx_word' id='word_1_275' title='bbox 398 4566 596 4639; x_wconf 85' lang='lat' dir='ltr'><strong>epigrammata</strong></span> <span class='ocrx_word' id='word_1_276' title='bbox 611 4568 743 4635; x_wconf 88' lang='lat' dir='ltr'><strong>condidit,</strong></span> <span class='ocrx_word' id='word_1_277' title='bbox 766 4586 881 4641; x_wconf 89' lang='lat' dir='ltr'><strong>quorum</strong></span> <span class='ocrx_word' id='word_1_278' title='bbox 897 4588 983 4627; x_wconf 89' lang='lat' dir='ltr'><strong>unum</strong></span> <span class='ocrx_word' id='word_1_279' title='bbox 998 4573 1119 4632; x_wconf 88' lang='lat' dir='ltr'><strong>servavit</strong></span> <span class='ocrx_word' id='word_1_280' title='bbox 1138 4574 1223 4633; x_wconf 89' lang='lat' dir='ltr'><strong>Anth.</strong></span> <span class='ocrx_word' id='word_1_281' title='bbox 1241 4574 1315 4641; x_wconf 67' lang='lat' dir='ltr'><strong>Pal„</strong></span> <span class='ocrx_word' id='word_1_282' title='bbox 1335 4575 1383 4644; x_wconf 90' lang='lat' dir='ltr'><strong>IX,</strong></span> <span class='ocrx_word' id='word_1_283' title='bbox 1395 4575 1458 4632; x_wconf 85' lang='lat'>217.</span> 
     </span>
    </p>

    <p class='ocr_par' dir='ltr' id='par_1_11' title="bbox 315 4645 981 4724">
     <span class='ocr_line' id='line_1_36' title="bbox 315 4645 981 4724; baseline 0.012 -24"><span class='ocrx_word' id='word_1_284' title='bbox 315 4646 343 4700; x_wconf 89' lang='lat'><strong>6.</strong></span> <span class='ocrx_word' id='word_1_285' title='bbox 358 4645 428 4714; x_wconf 79' lang='lat' dir='ltr'><strong>Cic,</strong></span> <span class='ocrx_word' id='word_1_286' title='bbox 441 4649 480 4704; x_wconf 84' lang='lat' dir='ltr'><strong>Dc</strong></span> <span class='ocrx_word' id='word_1_287' title='bbox 494 4647 593 4715; x_wconf 75' lang='lat' dir='ltr'><strong>atain,</strong></span> <span class='ocrx_word' id='word_1_288' title='bbox 606 4649 629 4720; x_wconf 85' lang='lat'><strong>1,</strong></span> <span class='ocrx_word' id='word_1_289' title='bbox 644 4666 735 4724; x_wconf 74' lang='lat' dir='ltr'><strong>xamn,</strong></span> <span class='ocrx_word' id='word_1_290' title='bbox 752 4651 814 4709; x_wconf 83' lang='lat'><strong>106.</strong></span> <span class='ocrx_word' id='word_1_291' title='bbox 978 4659 981 4664; x_wconf 90' lang='lat'>&#39;</span> 
     </span>
    </p>

    <p class='ocr_par' dir='ltr' id='par_1_12' title="bbox 316 4725 1507 4808">
     <span class='ocr_line' id='line_1_37' title="bbox 316 4725 1507 4808; baseline 0.013 -30"><span class='ocrx_word' id='word_1_292' title='bbox 316 4726 343 4782; x_wconf 88' lang='grc'><strong>7.</strong></span> <span class='ocrx_word' id='word_1_293' title='bbox 359 4725 407 4782; x_wconf 89' lang='lat' dir='ltr'><strong>Ps.</strong></span> <span class='ocrx_word' id='word_1_294' title='bbox 423 4725 510 4799; x_wconf 76' lang='lat' dir='ltr'><strong>Plan,</strong></span> <span class='ocrx_word' id='word_1_295' title='bbox 524 4729 629 4787; x_wconf 87' lang='lat' dir='ltr'><strong>Paralt.</strong></span> <span class='ocrx_word' id='word_1_296' title='bbox 649 4731 729 4800; x_wconf 76' lang='lat' dir='ltr'><strong>min,</strong></span> <span class='ocrx_word' id='word_1_297' title='bbox 749 4731 785 4786; x_wconf 86' lang='grc'><strong>20</strong></span> <span class='ocrx_word' id='word_1_298' title='bbox 804 4729 877 4800; x_wconf 86' lang='lat' dir='ltr'><strong>(ride</strong></span> <span class='ocrx_word' id='word_1_299' title='bbox 891 4730 973 4788; x_wconf 85' lang='lat' dir='ltr'><strong>etiam</strong></span> <span class='ocrx_word' id='word_1_300' title='bbox 992 4730 1081 4790; x_wconf 89' lang='lat' dir='ltr'><strong>Clem.</strong></span> <span class='ocrx_word' id='word_1_301' title='bbox 1100 4731 1191 4804; x_wconf 77' lang='lat' dir='ltr'><strong>Alex.¹</strong></span> <span class='ocrx_word' id='word_1_302' title='bbox 1209 4735 1363 4806; x_wconf 77' lang='lat' dir='ltr'><strong>Protrept,</strong></span> <span class='ocrx_word' id='word_1_303' title='bbox 1377 4735 1406 4806; x_wconf 88' lang='lat'><strong>3,</strong></span> <span class='ocrx_word' id='word_1_304' title='bbox 1419 4752 1446 4808; x_wconf 87' lang='lat' dir='ltr'><strong>p.</strong></span> <span class='ocrx_word' id='word_1_305' title='bbox 1463 4737 1507 4804; x_wconf 82' lang='lat'><strong>12,</strong></span> 
     </span>
    </p>
   </div>
   <div class='ocr_carea' id='block_1_7' title="bbox 0 0 1840 5634">
    <p class='ocr_par' dir='ltr' id='par_1_13' title="bbox 0 0 1840 5634">
     <span class='ocr_line' id='line_1_38' title="bbox 0 0 1840 5634; baseline 0 3"><span class='ocrx_word' id='word_1_306' title='bbox 0 0 1840 5634; x_wconf 95' lang='lat' dir='ltr'><strong> </strong></span> 
     </span>
    </p>
   </div>
  </div>
 </body>
</html>
