3634 5642
768 610 924 685 -3-

228 783 385 875 judicum
414 793 568 852 moveret
594 783 861 852 miserationem.
890 784 985 866 Quae
1009 793 1139 870 tamen,
1157 789 1197 852 ut
1222 781 1355 850 minimi
1380 801 1454 850 mo-

231 900 349 984 menti,
363 899 437 991 jam
450 891 487 967 in
503 893 617 968 medio
632 900 880 990 relinquamus.

276 1127 337 1200 ΙΙΙ.
363 1130 435 1198 Neo
450 1130 490 1198 de
506 1151 632 1220 genere
648 1130 758 1198 nostri
781 1130 907 1199 certius
926 1126 1115 1222 quidquam
1136 1131 1306 1199 affirmare
1331 1129 1454 1199 ausim.

199 1253 204 1258 “
233 1247 398 1316 Graecam
413 1245 584 1337 originem
597 1267 725 1314 nomen
739 1247 899 1330 Archiae,
910 1245 1041 1332 studia,
1058 1268 1171 1314 sermo
1187 1247 1311 1316 diserte
1329 1257 1456 1315 testan-
1524 1263 1526 1270 ·

234 1374 305 1440 tur:
322 1361 394 1430 lieri
410 1344 523 1452 potest
538 1371 576 1429 ut
590 1361 719 1452 aliquid
737 1361 813 1451 Syri
833 1363 1012 1452 sanguinis
1027 1363 1131 1431 fuerit
1142 1364 1352 1432 immixtum.
1371 1363 1458 1431 Nam

235 1469 427 1546 errabunda
453 1475 604 1544 hominis
638 1475 720 1559 vita,
753 1470 894 1544 mobilis
921 1477 1068 1561 indoles,
1097 1478 1198 1547 velox
1233 1477 1457 1569 poenitentia,

234 1592 415 1682 ingenium
435 1591 582 1684 denique
605 1591 791 1661 verborum
814 1592 1042 1662 redundantia
1063 1603 1098 1661 et
1118 1593 1274 1662 imitandi
1298 1593 1459 1664 facultate

235 1708 346 1799 magis
361 1725 466 1799 quam
484 1725 566 1776 cura
584 1716 645 1776 aut
661 1706 800 1798 propria
821 1707 857 1776 vi
874 1707 1109 1800 conspicuum,
1130 1733 1172 1778 ea
1190 1709 1308 1778 omnia
1321 1709 1460 1778 insitam

237 1827 322 1916 Syro
338 1823 457 1914 generi
480 1823 654 1894 levitatem
675 1821 886 1914 propemodo
907 1844 1051 1916 arguere
1067 1825 1152 1894 mihi
1166 1813 1359 1895 videntur1.
1378 1827 1459 1894 Tra·

148 2032 154 2038 .
237 1939 328 2007 ditur
342 1936 417 2008 loco
439 1938 546 2007 nobili
564 1948 673 2022 ortus,
696 1932 769 2023 sed,
790 1947 828 2006 ut
848 1939 981 2030 opinor,
1001 1933 1170 2009 nobiliore
1194 1963 1298 2032 quam
1319 1941 1458 2024 ditiors;

238 2054 320 2145 quid
347 2054 439 2122 enirn
462 2053 530 2122 nisi
558 2052 608 2120 rei
637 2053 815 2122 familiaris
842 2055 1003 2147 angustia
1030 2056 1182 2125 nobilem
1208 2058 1461 2126 adolescentem
1555 2133 1557 2136 ¹

237 2169 432 2260 impulisset
445 2181 483 2238 ut
496 2169 790 2238 mercenariorum
803 2175 985 2260 poetarum·
998 2167 1097 2259 gregi
1116 2167 1343 2236 misceretur?
1364 2167 1460 2236 Cete-

238 2303 327 2371 rum,
357 2296 397 2354 ut
434 2276 510 2354 mos
544 2294 629 2369 erat,
659 2305 719 2374 per
753 2305 891 2352 omnem
925 2283 1147 2353 honestarum
1176 2283 1302 2353 artium
1331 2286 1463 2353 cultum

239 2401 415 2470 transiisse
431 2399 614 2493 pueritiam
630 2400 753 2476 lertur;
770 2424 789 2469 e
804 2396 920 2490 pueris
935 2399 1050 2468 statim
1066 2399 1295 2469 adscribendi
1311 2400 1464 2468 studium

156 2591 161 2600 ,
239 2541 276 2586 se
292 2517 449 2598 contulit,
462 2516 510 2586 ita
525 2526 562 2584 ut
572 2537 655 2586 mox
669 2515 808 2606 optimis
825 2515 1026 2584 Antiochiae
1041 2515 1151 2606 poetis
1167 2525 1462 2585 annumeraretur.

240 2635 372 2717 Quibus
397 2631 509 2724 poetis
544 2630 809 2720 diligentissime
840 2629 1022 2716 studuerit,
1061 2631 1188 2722 scripta
1214 2635 1289 2723 ejus
1322 2631 1466 2700 demon·
1504 2625 1505 2628 '

237 2762 369 2822 strant:
397 2773 415 2820 e
436 2748 623 2831 veteribus,
649 2749 838 2816 Homerum
854 2747 1003 2817 maxime
1020 2747 1143 2832 coluit;
1164 2771 1183 2816 e
1203 2747 1463 2828 recentioribus,

239 2844 428 2938 Leonidam
447 2845 673 2934 Tarentinum
692 2872 793 2953 atque
813 2864 1034 2954 Antipatrum
1053 2863 1246 2934 Sidonium.
1266 2865 1367 2932 Hunc
1384 2865 1465 2933 ado-

240 2987 373 3053 lescens
388 3003 506 3051 senem
525 2980 636 3070 potuit
650 2979 754 3048 etiam
768 2979 902 3063 videre;
926 2979 1019 3075 hunc
1039 2978 1228 3048 ante-alios
1244 2976 1280 3047 in
1297 2979 1467 3070 epigram-

241 3099 343 3166 matis
374 3093 564 3164 scribendis
593 3093 636 3162 ad
666 3091 871 3160 imitandum
899 3092 963 3161 sibi
996 3092 1145 3184 delegit;
1177 3094 1280 3184 hujus
1309 3095 1465 3183 exemplo

242 3235 406 3284 accensus
428 3211 484 3281 vel
508 3208 698 3302 praeceptis
723 3208 939 3293 informatus,
966 3209 1143 3300 egregiam
1159 3207 1467 3300 extemporalitatis

243 3331 393 3416 laudern,
410 3349 479 3422 qua
496 3329 677 3420 Antipater
694 3327 875 3410 claruerat,
892 3343 973 3392 mox
997 3325 1070 3416 ipse
1090 3336 1296 3394 consecutus
1312 3334 1374 3394 est.
1397 3325 1467 3393 Nec

243 3457 372 3516 temere
388 3445 580 3537 suspicetur
595 3441 720 3534 aliquis
735 3438 794 3507 tali
809 3439 1029 3530 potissimum
1042 3439 1185 3509 artificio
1199 3463 1307 3530 paene
1320 3461 1466 3532 puerum

167 3607 169 3611 ι
243 3546 406 3634 Archiam
419 3561 629 3631 convertisse
643 3559 678 3626 in
694 3579 730 3624 se
745 3554 841 3646 vulgi
856 3555 1009 3624 favorem
1024 3566 1056 3623 et
1071 3555 1334 3625 admirationem
1349 3578 1357 3624 :
1371 3579 1468 3647 prae·
1577 3580 1581 3588 ·

245 3679 373 3748 sertim
388 3699 466 3748 curn
493 3699 619 3768 pueros
644 3674 749 3742 etiam
775 3693 821 3738 xn
844 3671 942 3739 annis
964 3671 1114 3740 minores
1137 3673 1202 3756 hac
1224 3672 1466 3768 qualicumque
1558 3725 1560 3731 ι

245 3796 407 3865 facultate
422 3792 625 3864 excelluisse
650 3787 781 3880 lapides
800 3788 1003 3876 testentur',
1030 3809 1070 3858 eo
1090 3808 1172 3858 vero
1197 3797 1349 3880 tempore
1374 3787 1466 3856 subi-

245 3912 331 3980 taria
360 3907 476 4002 poesis
509 3907 600 3998 apud
625 3907 731 3996 Syros
764 3899 962 3994 Cilicasque,
990 3913 1029 3973 ut
1055 3914 1176 3995 postea
1201 3905 1290 3994 apud
1321 3905 1465 3989 Arabes,

247 4048 381 4096 summo
397 4025 433 4093 in
447 4025 576 4093 honore
592 4022 706 4091 luerit.

66 4289 70 4300 ·
172 4334 174 4338 ,
292 4254 352 4328 IV.
378 4254 466 4328 Urbs
484 4253 677 4333 Antiochia,
696 4271 800 4344 quam
817 4250 961 4322 Archias
976 4260 1014 4320 ut
1028 4253 1185 4344 patriam,
1205 4249 1252 4321 ita
1268 4251 1469 4345 magistram

286 4499 319 4556 l.
332 4481 375 4558 ΕΙ,
389 4473 547 4570 Vopiscum,
561 4495 586 4550 in
605 4497 673 4552 Vtta
692 4495 850 4562 Aureliani,
866 4493 899 4550 31
917 4512 924 4549 2
944 4497 1046 4550 Rarum
1063 4502 1101 4550 est
1115 4499 1147 4552 ut
1165 4469 1235 4566 'Syri
1253 4497 1334 4567 emm
1353 4502 1470 4566 servent,

250 4579 576 4730 tmpogttfiseeqqlmlem
606 4654 807 4728 inscriptionem
827 4653 903 4727 pueri
919 4655 952 4722 Q.
977 4654 1093 4728 Sulpicii
1112 4651 1224 4711 Maximi
1243 4655 1362 4728 (nuthet,
1387 4659 1471 4728 Eptq.

249 4757 359 4814 praeca,
376 4747 407 4794 n⁰
421 4737 611 4795 618=Antn
627 4735 689 4791 Pol.
707 4735 798 4806 Didot,
814 4735 869 4791 vol.
883 4733 932 4803 ΙΙΙ,
946 4751 973 4809 p.
990 4735 1081 4808 133).-
