3670 5634
792 671 970 738 ..31-

271 843 364 934 quod
388 840 560 912 Planudes
584 840 730 910 Archiae
756 839 888 928 tribuit,
905 841 1014 910 codex
1029 863 1111 910 vero
1137 841 1315 912 Palatinus
1338 843 1495 913 ἀδέσποτον

270 958 410 1049 reliquit
421 963 444 1044 ¹,
455 960 631 1028 Ausonius
647 958 762 1028 latinis
778 957 827 1026 ita
840 957 989 1028 reddidit
1002 957 1158 1030 versibus
1169 959 1201 1028 ἐ

410 1155 565 1231 Quattuor
580 1159 723 1239 antiquos
737 1154 901 1218 celebrauit
917 1155 1037 1217 Achaia
1054 1153 1143 1216 ludos
1158 1174 1169 1216 :

367 1323 369 1330 ,
489 1253 679 1317 Caelicolum
694 1255 757 1317 duo
771 1263 845 1315 sunt
859 1263 889 1315 et
903 1253 965 1316 duo
979 1255 1060 1336 festa
1073 1254 1240 1315 bominum.

406 1351 504 1414 Sacra
519 1353 607 1414 lovis
621 1353 797 1434 Phoebique
812 1351 1007 1414 Palaemonis
1023 1351 1271 1434 Arcbauorique,

486 1449 578 1514 Serta
592 1452 702 1535 quibas
716 1453 823 1536 pinus,
839 1448 947 1525 rnalus,
965 1449 1057 1526 oliuo,
1073 1451 1191 1534 opium.

313 1699 357 1769 V.
380 1699 510 1770 Ultima
525 1707 576 1766 est
593 1699 749 1790 quaestio
766 1697 807 1766 da
823 1721 883 1766 sex
900 1696 1171 1791 epigrammatis,
1187 1705 1342 1791 συναγωγῇ
1357 1697 1494 1768 cuidam

268 1813 460 1884 carminum
482 1813 656 1885 Leonidae
674 1813 898 1883 Alexandrini
917 1812 1107 1905 permixtis,
1126 1837 1213 1905 quae
1242 1813 1415 1882 Planudes
1432 1817 1494 1884 Ar-

267 1930 377 2017 chiae,
402 1930 569 2022 Cephalas
593 1930 659 2020 ipsi
678 1929 853 1999 Leonidae
877 1927 996 1997 tribuit
1009 1929 1032 1997 ⁸.
1058 1929 1103 1998 Et
1129 1929 1194 1997 hoc
1219 1929 1357 2022 quidem
1383 1932 1494 2020 magis

268 2045 494 2139 probandum,
511 2069 580 2113 nou
596 2043 696 2114 modo
714 2045 794 2136 quia
810 2044 1008 2113 vetustioris
1021 2043 1118 2112 testis
1129 2043 1242 2135 potior
1257 2052 1309 2112 est
1323 2045 1420 2131 fides,
1433 2045 1494 2114 sad

269 2162 373 2230 etiam
401 2173 541 2255 propter
573 2161 659 2229 alias
692 2160 957 2252 subtilioresque
993 2159 1159 2231 rationes.
1197 2156 1370 2230 Leonidas
1402 2162 1493 2230 enim

205 2303 209 2307 ’
236 2359 240 2363 ,
268 2286 382 2369 poeta,
409 2277 469 2368 qui
485 2276 574 2345 circa
588 2277 733 2345 Neronis
749 2286 783 2346 et
798 2275 1003 2369 Vespasiani
1027 2286 1182 2366 tempora
1209 2275 1338 2363 floruit,
1360 2277 1396 2345 iu
1420 2277 1492 2370 ple-

267 2391 383 2483 risque
400 2391 661 2484 epigrammatis
677 2390 905 2461 arctissimam
919 2392 1034 2484 legam
1050 2397 1199 2482 ἰσοψηφίοις
1215 2393 1332 2485 (quam
1348 2416 1384 2461 se
1399 2394 1494 2461 inve-

269 2507 360 2576 nisse
387 2507 594 2600 gloriatur«)
619 2507 749 2577 infelici
773 2507 936 2576 felicitate
966 2508 1180 2593 observavit;
1209 2510 1307 2601 cujus
1332 2507 1419 2577 ratio
1444 2509 1494 2576 ita

267 2646 303 2690 se
327 2622 442 2692 babet.
467 2625 574 2692 Poeta
595 2625 699 2693 verba
718 2623 755 2691 in
774 2624 867 2691 hunc
882 2621 1024 2692 modum
1037 2623 1133 2713 eligit
1157 2646 1196 2692 ac
1218 2623 1380 2716 disponit,
1398 2632 1448 2704 ut,
1463 2623 1492 2691 si

266 2737 397 2806 litteras
412 2762 474 2830 pro
499 2738 590 2808 uotis
614 2737 848 2808 numeralibus
872 2737 1010 2819 habeas,
1044 2738 1203 2830 utrinque
1219 2739 1493 2808 eamdemsum·

267 2877 360 2922 mam
382 2854 552 2940 invenias,
570 2854 701 2924 scilicet
719 2852 755 2923 in
773 2864 918 2947 utroque
933 2877 1036 2924 versu
1061 2855 1090 2922 si
1117 2855 1265 2940 duobus,
1290 2855 1327 2924 iu
1346 2865 1491 2946 utroque

267 2967 414 3039 disticho
434 2970 465 3038 si
482 2980 644 3062 quattuor
667 2970 824 3041 versibus
845 2969 1059 3064 epigramma
1081 2970 1288 3041 continetur.
1309 2972 1386 3040 Jam
1410 2994 1490 3040 vero

267 3108 309 3153 ex
328 3085 381 3153 his
395 3086 437 3154 de
453 3087 578 3178 quibua
594 3087 779 3178 ambigitur
797 3084 1019 3169 carminibus,
1037 3084 1104 3154 duo
1121 3089 1264 3176 ἰσοψηφίαν
1280 3085 1324 3154 ad
1339 3109 1493 3176 unguem

268 3200 444 3286 exhibant,
485 3201 614 3270 scilieet
649 3203 795 3271 alterum
835 3201 875 3270 de
914 3201 1082 3292 Lysippae
1103 3224 1214 3293 puero
1232 3201 1256 3284 ⁸,
1297 3203 1448 3287 Λυσίππης
1477 3211 1492 3270 t

267 3327 423 3408 νεογνὸς...
457 3317 493 3386 11
521 3341 588 3410 quo
623 3329 807 3409 utrumque
848 3315 1018 3385 distichon
1051 3338 1223 3385 summam
1251 3319 1337 3388 7302
1371 3315 1490 3401 elficit,

267 3433 413 3502 alterum
430 3442 621 3523 μονοδίστιχον
636 3431 678 3501 de
689 3455 834 3501 uvarum
843 3433 956 3524 sorel,
970 3439 1259 3522 auctoramenta
1276 3432 1490 3520 Ἑκατώνυμος,

267 3548 365 3637 cujus
398 3558 541 3638 uterque
571 3569 692 3617 versus
718 3549 804 3614 1113
831 3546 933 3617 valet.
968 3544 1061 3613 Haec
1087 3545 1194 3634 igitur
1222 3546 1290 3614 duo
1320 3545 1493 3638 epigram-

265 3673 359 3731 mata
389 3663 578 3734 certissima
609 3662 784 3732 Leonidae
815 3661 990 3732 reddenda
1018 3671 1115 3748 sunt,
1147 3684 1210 3730 nec
1239 3662 1354 3731 minus
1385 3663 1492 3730 coufi-

266 3775 385 3845 denter
411 3778 558 3847 Archiae
589 3777 856 3869 abjudicaverim
875 3777 974 3858 ,istud
1001 3777 1043 3844 de
1072 3775 1179 3845 milite
1206 3787 1405 3868 aegrotante
1431 3777 1491 3869 qui

268 3892 332 3961 sibi
351 3904 498 3964 mortem
520 3894 593 3986 ipse
620 3895 869 3980 consciveratl,
891 3899 921 3962 ὃν
942 3902 1070 3980 πόλεμος
1088 3893 1187 3976 δεδιὼς
1202 3899 1254 3964 οὐκ
1275 3892 1491 3984 (1111111111

302 4150 327 4209 1.
343 4151 431 4206 Actu.
446 4151 518 4213 rat..
536 4150 584 4216 tx,
599 4151 662 4209 357.

299 4232 326 4287 2.
344 4228 493 4297 Ausonius,
509 4233 580 4300 Eeb,
601 4233 634 4287 16
648 4231 685 4305 (p.
703 4231 765 4300 103,
781 4229 900 4303 Perper).

300 4311 327 4365 3.
342 4311 430 4366 Auta.
445 4312 517 4379 rat,
535 4311 582 4375 1Χ,
597 4312 692 4375 345-8,
707 4311 770 4380 351,
785 4310 851 4366 354.

301 4391 327 4450 t.
344 4388 415 4458 Quia
430 4385 550 4455 ἰσόψηφοι
565 4409 662 4448 versus
676 4392 749 4464 apud
764 4391 910 4445 Homerum
924 4391 971 4460 (Α.
990 4387 1076 4456 Get„
1092 4388 1162 4456 xlv,
1177 4387 1204 4461 6)
1220 4388 1271 4446 sibi
1287 4387 1382 4460 velint,
1395 4407 1489 4463 parum

266 4470 331 4528 seio.
349 4470 411 4525 Alia
429 4478 495 4524 suut
513 4488 583 4542 quaa
602 4472 789 4528 Artemidorus
805 4472 947 4541 (01111111,
968 4469 1017 4533 111,
1031 4470 1085 4538 34;
1105 4468 1152 4539 lV,
1172 4471 1217 4539 ut)
1237 4470 1396 4540 hariolatur,
1417 4471 1490 4542 quod

264 4565 363 4620 genus,
379 4548 494 4604 litteram
510 4549 535 4615 ρ’
549 4551 666 4606 faustam
682 4568 743 4606 essa
762 4549 828 4622 quia
840 4550 877 4604 sit
891 4544 1014 4613 ἰσόψηφος
1029 4566 1091 4603 eum
1104 4549 1192 4606 verbis
1208 4545 1247 4601 ἐπ’
1262 4550 1354 4614 ἀγαθά.

299 4629 326 4683 5.
342 4629 427 4684 Actu.
444 4631 517 4698 Pal,
533 4629 580 4699 lV,
594 4631 874 4702 3511111111
888 4627 1058 4702 computavi.

300 4709 329 4765 6.
344 4709 391 4777 1Χ,
401 4710 464 4766 318.
480 4709 588 4768 Rursus
603 4727 732 4768 numeros
743 4710 909 4784 computavi.

300 4789 327 4845 7.
344 4788 393 4860 tx,
408 4789 471 4846 354.
