3634 5642
902 564 1078 632 ..1ss-

374 745 510 828 tempus
531 757 642 827 neque
659 734 769 832 otiose
794 756 857 803 nec
878 733 951 802 sine
974 733 1086 824 gloria
1101 733 1148 802 ibi
1165 733 1319 827 peregit;
1346 753 1435 803 anno
1461 735 1599 805 demum

375 852 439 921 d'll
455 859 613 938 exeunte,
638 851 681 918 ad
707 848 917 918 aedilitatem
935 849 1089 918 curulem
1112 872 1191 919 cum
1217 850 1321 918 fratre
1337 852 1597 941 capessendam,

374 965 534 1052 Romam,
551 963 680 1034 Archia
692 973 810 1033 nostro
825 963 1024 1049 comitante,
1037 986 1196 1033 reversus
1212 978 1264 1034 est
1281 973 1303 1034 ¹.

418 1215 511 1285 XVI.
537 1214 689 1283 Proximi
718 1214 800 1283 anni
821 1214 966 1283 Lucullo
991 1224 1200 1306 praeturam,
1227 1215 1451 1306 provinciam,
1475 1237 1597 1286 consu·

372 1334 480 1401 latum
505 1331 669 1401 continuo
693 1331 892 1402 attulerunt.
921 1329 1011 1414 Quid
1038 1329 1182 1400 Archias
1206 1332 1272 1399 hac
1289 1339 1493 1424 tempestate
1517 1355 1596 1426 ges·

373 1448 467 1532 serit,
484 1459 599 1517 utrum
631 1458 814 1539 patronum
829 1447 873 1516 sit
891 1447 1075 1518 comitatus
1093 1469 1137 1516 an
1154 1447 1283 1516 Romae
1299 1447 1479 1533 manserit,
1495 1449 1596 1540 plana

371 1563 584 1652 ignoramus.
611 1563 714 1632 Anno
744 1573 860 1633 autem
888 1564 948 1634 681
963 1562 987 1644 ’,
1017 1561 1163 1633 Lucullo
1200 1587 1243 1632 ex
1270 1563 1449 1633 consulatu
1476 1563 1596 1634 Cilicia

371 1679 548 1771 provincia
580 1701 619 1748 ac
642 1679 771 1748 bellum
801 1679 1071 1750 Mithridaticum
1100 1678 1313 1772 obtigerunt,
1342 1680 1533 1771 iterumque
1558 1679 1595 1748 in

369 1797 445 1887 ejus
460 1797 635 1865 cohortem
652 1795 811 1865 nonnulli
829 1795 950 1866 Graeci
977 1795 1147 1882 homines,
1173 1795 1320 1876 Archias
1334 1794 1591 1881 Antiochensis,

368 1910 561 1980 Antiochus
576 1912 787 1995 Ascalonita,
804 1912 1016 2006 Eupolemus
1034 1911 1264 1997 Calactinus⁸,
1283 1922 1320 1980 ut
1333 1911 1374 1980 de
1391 1911 1592 1982 Menedemo

369 2026 577 2098 cubiculario
603 2039 731 2098 taceam
748 2029 772 2114 ⁴,
797 2028 974 2122 aggregati
997 2036 1091 2096 sunt.
1115 2028 1168 2096 Ex
1188 2027 1243 2096 his
1264 2027 1470 2112 Antiochus,
1488 2028 1591 2120 paulo

367 2152 446 2232 post
467 2145 636 2234 proelium
657 2144 701 2214 ad
728 2144 972 2236 Tigranocerta
989 2153 1198 2228 consertum,
1218 2143 1274 2212 cui
1297 2143 1370 2236 ipse
1393 2143 1591 2213 interfuisse

366 2258 512 2344 videtur,
538 2259 575 2328 in
603 2260 703 2351 Syria
721 2259 866 2329 decessit
881 2262 918 2344 ’ς
941 2261 1087 2330 Archias
1111 2259 1155 2328 ad
1180 2259 1288 2328 imum
1313 2259 1449 2329 duravit
1473 2269 1506 2328 et
1532 2281 1591 2328 au·

367 2372 483 2465 spiciis
501 2397 541 2445 ac
556 2376 660 2446 ductu
674 2376 810 2446 Luculli
826 2376 869 2446 ad
883 2385 1043 2448 octavum
1064 2375 1134 2444 iere
1150 2396 1280 2445 annum

564 2555 665 2620 Mores
679 2557 836 2620 dominum
850 2556 1016 2620 multorum
1031 2555 1109 2618 cidit
1125 2565 1155 2618 ct
1169 2555 1268 2630 urbes,

366 2726 536 2819 siquidem
551 2727 744 2819 provincias
753 2728 884 2814 Asiam,
901 2728 1115 2819 Bithyniam,
1128 2728 1310 2811 Galatiam,
1328 2728 1489 2811 Pontum,
1501 2730 1587 2823 Cap·

363 2842 554 2933 padociam,
572 2843 785 2927 Armeniam,
814 2842 1099 2936 Mesopotamiam
1122 2843 1296 2913 coutinuis
1314 2842 1492 2913 itineribus
1508 2869 1585 2937 per-

363 2957 507 3049 agravit,
527 2956 585 3026 ubi
599 2967 777 3026 terrestres
793 2980 832 3026 ac
847 2957 1038 3026 maritimas
1054 2979 1202 3049 pugnas,
1227 2957 1363 3027 urbium
1389 2957 1586 3028 obsidiones

364 3096 403 3142 ac
433 3073 666 3158 liberationes,
694 3074 877 3143 fluviorum
906 3072 1145 3166 montiumque
1177 3074 1376 3164 ignotorum
1407 3074 1584 3168 transitus,

364 3190 535 3258 solemnes
551 3189 757 3281 populorum
780 3191 921 3280 gratias,
940 3190 1041 3282 fugas
1064 3212 1185 3282 regum
1211 3200 1245 3259 et
1268 3191 1472 3280 legationes,
1500 3190 1586 3260 nihil

362 3304 522 3397 denique,
538 3329 581 3374 ne
597 3305 746 3375 militum
758 3306 898 3398 quidem
913 3305 1087 3375 licentiam
1108 3327 1147 3374 ao
1165 3305 1362 3392 seditiones,
1382 3330 1453 3375 non
1466 3330 1586 3398 exper-

361 3430 417 3489 tus
449 3429 519 3507 est,
552 3421 700 3512 amplam
724 3422 863 3491 heroico
890 3421 1046 3503 carmini,
1076 3421 1168 3514 quod
1193 3423 1267 3511 jam
1290 3432 1374 3492 tunc
1397 3422 1514 3491 nescio
1542 3445 1586 3492 an

360 3544 474 3606 mente
504 3537 709 3630 conceperit,
740 3537 932 3608 materiem.
962 3537 1332 3623 Anastasianas,
1364 3540 1421 3607 lex
1446 3537 1587 3608 Manilia

361 3653 558 3746 imperatori
583 3653 735 3724 invisum
757 3676 1005 3740 successorem,
1031 3662 1152 3745 poetae
1181 3653 1339 3722 laborum
1363 3677 1584 3747 errorumque

351 3777 558 3862 exoptatum
585 3771 690 3841 finem
705 3771 830 3842 attulit.
850 3770 973 3840 Statim
990 3769 1156 3838 Lucullus
1183 3769 1219 3837 in
1250 3768 1388 3838 Italiam
1410 3793 1581 3856 reversus,

358 3909 431 3954 xxx
454 3886 575 3955 diebus
591 3887 715 3978 quibus
732 3887 881 3956 rationes
905 3885 1084 3970 rettulerat
1097 3885 1161 3976 (sic
1175 3886 1232 3955 lex
1248 3885 1404 3978 jubebat)
1419 3887 1583 3957 Archiam

361 4002 451 4070 inter
470 4010 601 4070 ceteros
632 4003 893 4072 contubernales
909 4002 944 4070 iu
961 4001 1138 4071 beneficiis
1162 4001 1205 4071 ad
1227 4001 1397 4070 aerarium
1421 4002 1544 4072 detulit
1557 4004 1580 4091 ⁸,

396 4217 421 4273 1.
442 4215 558 4285 Plinius,
573 4218 646 4277 litat.
663 4225 734 4284 nat,
752 4217 825 4285 Vlll,
841 4236 888 4290 vu,
905 4219 937 4273 19
952 4217 1051 4290 (tan.).

394 4297 421 4356 2.
443 4298 482 4354 De
500 4296 669 4370 temporibus
683 4298 748 4356 belli
770 4297 946 4356 Mithridatici
960 4296 1047 4366 tertii,
1065 4297 1124 4354 vide
1139 4315 1209 4370 quae
1224 4296 1360 4370 disputavi
1380 4297 1408 4352 in
1423 4297 1583 4355 Mithridate

359 4380 507 4448 liupatone,
519 4394 546 4452 p.
562 4379 624 4434 320.

394 4459 421 4514 3.
441 4457 510 4528 Cic,
531 4459 622 4527 Vera,
634 4459 681 4530 tv,
697 4480 765 4532 xxu,
780 4463 824 4522 49.

395 4539 420 4596 1.
442 4538 525 4607 Plut,
541 4542 620 4606 Luc„
636 4542 679 4597 16.

392 4621 420 4678 5.
441 4619 509 4689 Cic,
523 4622 614 4677 dead.
624 4625 727 4694 prtem,
745 4623 780 4692 ll,
795 4625 904 4690 xundl.

392 4700 420 4755 6.
440 4702 492 4756 Pro
507 4700 622 4771 Archia,
640 4702 685 4773 lV,
703 4704 734 4759 11
751 4705 799 4762 ssn.
816 4705 856 4763 De
870 4723 926 4762 xxx
941 4702 1048 4774 diebus,
1066 4698 1128 4758 ride
1144 4700 1192 4757 Ad
1205 4701 1291 4769 sam,
1308 4702 1342 4774 V,
1359 4721 1408 4773 xx,
1420 4702 1448 4761 7.
