3634 5642
774 686 951 756 ...19-

252 879 323 926 non
338 856 481 926 deerant
502 874 509 922 :
532 854 675 923 aderant
698 853 804 944 legati
829 854 1083 939 Heraclienses,
1100 854 1260 924 mandato
1283 865 1318 924 et
1336 856 1476 946 publico

253 969 453 1042 testimonio
469 967 638 1050 instructi,
656 967 775 1037 aderat
789 968 864 1060 ipse
879 969 925 1040 M.
951 968 1117 1038 Lucullus
1140 971 1199 1060 qui
1220 994 1257 1040 se
1281 994 1352 1039 rem
1372 972 1476 1063 spisse

253 1085 495 1178 profitebatur;
524 1094 559 1154 at
582 1083 831 1154 Graeculorum
854 1094 893 1154 ut
910 1083 1101 1190 clientium,
1126 1086 1262 1156 Luculli
1285 1096 1323 1155 ut
1341 1087 1476 1177 patroni

255 1202 530 1294 suspectalides,
553 1199 697 1270 dubium
722 1201 973 1272 testimonium.
995 1202 1075 1272 lam
1097 1201 1133 1271 id
1153 1203 1279 1294 ipsum,
1308 1201 1400 1294 qnod
1414 1206 1479 1271 Ar-

258 1318 355 1388 chias
370 1341 413 1386 ex
428 1318 506 1410 lego
523 1317 663 1388 Plautia
676 1317 807 1386 Romae
823 1317 999 1410 professus
1014 1327 1120 1401 esset,
1136 1318 1220 1388 solis
1238 1319 1367 1391 Metelli
1385 1343 1480 1410 prae-

255 1435 340 1506 toris
364 1433 490 1504 tabulis
509 1423 596 1528 (ipso
610 1431 751 1502 hiennio
768 1442 848 1502 ante
868 1433 1075 1526 decesserat)
1091 1431 1399 1524 comprobabatur;
1419 1431 1481 1500 sed

256 1549 359 1641 hujus
376 1548 490 1618 omnis
501 1557 701 1639 praetorum
712 1547 849 1638 collegii
863 1548 966 1617 tidem
979 1547 1117 1620 Gratius
1133 1569 1204 1617 non
1217 1546 1364 1616 infirmis
1376 1569 1481 1636 argn-

257 1664 384 1734 mentis
408 1663 649 1756 impugnabat,
680 1663 959 1755 quandoquidem
986 1665 1053 1756 Ap.
1083 1662 1266 1734 Claudium
1292 1663 1482 1733 Pulchrum

258 1778 507 1870 negligentiae,
523 1779 565 1850 Ρ.
583 1777 770 1850 Gabinium
787 1779 989 1871 Capitonem
1003 1782 1272 1872 repetundarum
1286 1779 1482 1848 convictum

260 1903 480 1977 memoraret,
495 1894 624 1964 Metelli
640 1915 723 1966 vero
738 1895 901 1964 sanctitas
911 1905 944 1966 et
957 1895 1059 1966 anxia
1071 1895 1250 1986 diligentia
1264 1894 1484 1964 extolleretur

259 2012 373 2103 potius
385 2033 488 2103 quam
497 2009 1166 2103 probaretur.Insuperpraetorianarum
1176 2011 1369 2080 tabularum
1377 2009 1485 2102 quali-

261 2150 408 2220 cumque
439 2125 650 2210 auctoritati,
680 2127 858 2196 censoriae
890 2127 1039 2214 tabulae,
1072 2149 1218 2218 quarum
1245 2127 1353 2196 multo
1375 2128 1485 2217 major

262 2241 347 2312 fides
361 2265 405 2311 ac
415 2244 591 2334 majestas,
610 2239 889 2332 opponebantur;
906 2240 944 2308 in
957 2240 1011 2310 his
1031 2239 1125 2309 enim
1140 2240 1265 2310 tabulis
1282 2241 1408 2310 frustra
1422 2263 1486 2310 no-

264 2378 343 2428 men
358 2357 519 2442 Archiae,
536 2357 664 2426 trustra
678 2356 847 2425 honorum
863 2358 939 2447 ejus
953 2357 1203 2446 professionem
1221 2356 1453 2448 quaesivisses
1476 2379 1484 2426 :

264 2494 307 2544 ex
335 2496 403 2565 quo
421 2473 607 2564 apparebat
628 2471 727 2542 illum
753 2471 840 2559 sive,
872 2472 982 2563 ipsius
1005 2471 1150 2562 judicio,
1169 2493 1346 2564 nunquam
1377 2471 1488 2542 civem

264 2589 384 2673 luisse,
402 2611 477 2674 seu,
494 2587 524 2658 si
552 2587 687 2671 fuisset,
713 2587 844 2658 omisso
869 2609 987 2672 censu,
1005 2610 1075 2657 non
1100 2588 1203 2656 modo
1224 2587 1408 2674 civitatem,
1429 2587 1490 2656 sed

172 2701 175 2710 '
265 2704 369 2774 etiam
390 2704 585 2773 libertatem
608 2702 674 2772 sihi
698 2701 813 2795 ipsum
843 2702 1093 2794 abjudicavisse
1110 2707 1131 2772 ¹.
1158 2704 1316 2796 Denique
1344 2703 1489 2795 nequid-

265 2839 369 2912 quam
384 2818 655 2890 contendebatur
680 2819 840 2888 omnibus
865 2819 919 2890 his
946 2818 1157 2904 censoribus,
1184 2820 1244 2911 qni
1263 2819 1344 2888 inde
1369 2821 1490 2910 alege

265 2936 403 3008 Plautia
429 2933 654 3020 exstitissent,
684 2936 920 3006 aut'lustrum
946 2935 1081 3004 nullum
1109 2936 1287 3004 conditum
1317 2958 1405 3022 esse,
1431 2946 1491 3005 aut

181 3028 187 3038 ⁵
267 3051 431 3120 Archiam
447 3049 599 3120 abluisse
615 3049 707 3140 apud
722 3049 909 3120 exercitum
922 3070 930 3118 :
943 3059 1033 3118 certe
1050 3047 1142 3118 enim
1158 3048 1302 3118 Crassus
1315 3058 1350 3117 et
1367 3048 1493 3118 Caesar

269 3188 431 3238 censores
445 3165 475 3236 si
490 3165 607 3234 minus
625 3187 758 3250 omncs,
783 3173 819 3234 at
833 3165 956 3234 saltem
981 3185 1090 3234 novos
1106 3164 1198 3234 cives
1219 3164 1256 3232 in
1280 3185 1360 3232 suus
1384 3165 1492 3234 tribus

268 3283 537 3375 descripserant;
565 3303 701 3350 necnon
727 3281 888 3352 absentes
906 3302 947 3351 eo
962 3289 1116 3372 tempore
1140 3280 1342 3372 plerumque
1362 3283 1493 3352 censeri

270 3398 425 3470 solebant
437 3402 462 3486 ¹,
480 3397 572 3490 quod
584 3396 664 3465 inde
680 3420 701 3466 a
722 3397 761 3466 P.
782 3397 953 3490 Scipionis
971 3406 1083 3466 aetate
1099 3395 1295 3466 obtinuerat
1310 3397 1332 3466 ³.

315 3619 410 3693 XIX.
428 3621 537 3692 Gratii
549 3621 656 3712 igitur
677 3618 862 3706 accusatio,
886 3640 1085 3712 quanquam
1109 3619 1282 3692 invidiosa
1300 3630 1334 3692 et
1347 3603 1492 3708 inutilis,

272 3737 496 3808 fundamento
514 3747 712 3807 tamennon
731 3735 879 3822 carebat,
897 3735 1018 3822 immo,
1043 3746 1080 3805 ut
1096 3736 1207 3807 dicam
1229 3761 1317 3830 quae
1336 3741 1496 3821 sentiam,

273 3879 356 3928 vera
375 3878 414 3925 ac
428 3853 585 3947 legitima
611 3852 718 3922 luisse
741 3852 890 3923 videtur.
916 3851 1029 3933 Quare
1052 3852 1210 3940 Archias,
1240 3854 1336 3923 utin
1361 3877 1495 3924 summo

276 3972 485 4056 discrimine,
500 3974 574 4062 jam
591 3971 724 4038 nullam
749 3968 815 4037 sihi
840 3967 987 4036 salutem
1015 3966 1083 4035 nisi
1101 3968 1138 4036 in
1163 3969 1290 4039 diserto
1317 3971 1497 4040 defensore

274 4089 348 4159 fore
369 4087 568 4173 arbitratus,
600 4087 645 4156 M.
676 4084 852 4180 Ciceronis
873 4083 1064 4176 patrocinio
1094 4106 1131 4152 se
1161 4107 1291 4176 suaque
1314 4088 1497 4158 commisit.

275 4204 311 4272 Is
325 4213 400 4271 tum
415 4224 564 4272 recense
577 4201 772 4285 consulatu,
789 4199 891 4269 caede
907 4198 1186 4268 Catilinariorum
1201 4221 1301 4268 carus
1315 4201 1497 4286 nohilitati,

276 4319 380 4388 etiam
395 4318 529 4387 absenti
542 4317 708 4409 Pompeio
727 4338 797 4385 non
822 4315 962 4384 omnino
984 4314 1140 4404 ingratus
1154 4315 1178 4396 ⁶,
1196 4315 1369 4399 facundia,
1387 4330 1500 4388 aucto·

316 4563 341 4616 1.
363 4559 466 4625 Cicero,
477 4561 533 4614 Pro
548 4557 673 4624 Coccina,
689 4554 814 4622 XXXlV,
830 4555 874 4610 99.

315 4642 343 4696 2.
363 4639 433 4710 Cio,
452 4640 495 4694 ld
506 4641 638 4702 Atticam,
655 4638 676 4703 l,
690 4653 767 4704 svm,
782 4639 809 4701 8,
828 4637 893 4689 lim:
909 4651 943 4690 oe
956 4635 1054 4692 absens
1069 4651 1193 4694 censeare
1203 4639 1302 4694 curabo
1316 4641 1486 4698 edicendum.

315 4723 344 4780 3.
364 4724 396 4776 Α.
412 4719 526 4788 Gellius,
543 4717 576 4786 V,
592 4734 650 4784 xix,
668 4719 711 4775 16.

317 4803 343 4858 d·
365 4797 494 4872 Pompeio
509 4807 581 4854 certe
597 4796 802 4865 blandiebatur,
817 4794 890 4868 quod
906 4802 1026 4852 testetur
1040 4795 1087 4852 dcl
1100 4798 1182 4866 tum„
1200 4795 1232 4866 V,
1245 4799 1273 4852 7.
