3670 5634
781 594 958 658 ..51-

257 762 374 832 nuisse
391 760 516 828 diserte
536 768 679 827 testatur
690 758 903 850 Obsequens,
915 756 1003 830 Livii
1019 759 1216 850 expilator¹.
1233 758 1324 842 Quid
1339 763 1479 830 tameo?

257 874 475 958 Plutarchus,
493 885 532 944 ut
547 895 666 942 omnes
683 872 911 956 consentiunt,
930 871 1063 940 Livium
1089 897 1157 942 non
1181 874 1295 965 magni
1310 875 1401 960 feoit,
1422 875 1478 948 vix

255 1013 366 1080 pauca
384 1014 426 1058 ex
443 989 503 1058 illo
521 988 632 1058 obiter
652 989 863 1079 excerpsisse
878 987 1025 1057 videtur.
1045 988 1157 1071 Quare
1182 987 1281 1056 ambo
1305 999 1477 1074 auctores,

258 1106 481 1178 Plutarchum
493 1116 525 1175 et
540 1105 674 1174 Livium
692 1105 782 1182 dico,
796 1128 837 1173 ex
854 1103 1027 1172 communi
1045 1105 1138 1171 fonte
1152 1127 1215 1172 sua
1229 1104 1343 1195 potius
1357 1103 1478 1172 hause-

211 1285 220 1307 ,
256 1232 349 1307 runt,
377 1244 479 1313 quom
511 1223 598 1292 alter
625 1222 770 1290 alterum
799 1220 991 1312 exscripsit,
1021 1220 1224 1310 praesertim
1246 1232 1379 1288 comet
1405 1221 1478 1311 ipso

256 1335 377 1407 Livius
391 1337 550 1429 prodigia
563 1337 674 1426 magis
690 1336 870 1406 crediderit
889 1359 991 1427 quam
1007 1336 1151 1406 finxerit.
1169 1335 1280 1404 Etiam
1300 1335 1478 1428 Appianus

256 1452 415 1520 eumdem
433 1454 577 1538 iontem,
599 1453 669 1520 sive
686 1475 728 1520 ex
744 1451 819 1543 ipso
834 1451 1007 1534 hauriens,
1028 1453 1099 1520 sive
1124 1475 1185 1543 por
1207 1452 1384 1520 Nicolaum
1408 1453 1478 1520 Da-

255 1591 466 1652 mascenum,
485 1570 654 1638 interdum
679 1569 846 1654 adhibuit,
863 1569 988 1660 quippe
1010 1568 1068 1661 qui
1085 1567 1152 1635 duo
1172 1568 1329 1658 prodigia
1345 1568 1477 1636 Plutar-
1497 1613 1505 1624 -

256 1685 390 1770 chiana,
411 1686 555 1754 alterum
570 1686 609 1753 de
627 1685 792 1775 Cyzicena
805 1684 905 1767 bove,
923 1685 1066 1752 alterum
1083 1683 1123 1750 de
1139 1693 1307 1751 nocturna
1317 1684 1476 1774 Autolyci

256 1800 368 1890 specie
378 1799 446 1868 fere
458 1799 700 1869 iisdemverbis
710 1797 1078 1890 tradiderit'.Jamquis
1090 1800 1145 1867 hic
1155 1799 1347 1868 communis
1358 1811 1479 1868 auctor

252 1913 616 1996 fuerit‚interLuoulli
632 1924 665 1983 et
678 1913 828 2006 Augusti
839 1924 992 2005 tempora
1004 1913 1343 2005 positusvideamus.
1362 1915 1478 1983 Possit

256 2029 381 2121 aliquis
392 2031 432 2098 do
445 2032 576 2100 Teucro
591 2029 768 2120 Cyzicena,
780 2028 1090 2098 Mithridatieorom
1106 2029 1299 2121 scriptore³,
1312 2031 1475 2121 eogitare;

254 2145 284 2212 is
303 2146 408 2230 enim,
427 2155 464 2213 ut
481 2145 665 2236 Cyzicenus
680 2155 714 2212 et
735 2155 894 2234 nugator,
912 2145 1126 2212 obsidionem
1142 2145 1272 2236 patriae
1289 2149 1477 2238 suaeejus-
1499 2175 1502 2180 ¹

254 2260 347 2327 modi
366 2261 575 2329 ornamentis
587 2261 747 2329 decorare
764 2261 891 2343 debuit,
905 2283 1037 2328 necnon
1049 2271 1205 2351 superest
1216 2263 1289 2352 ejus
1303 2261 1477 2350 fragmen-

255 2386 339 2459 tum,
361 2377 401 2444 de
417 2377 550 2468 origine
567 2376 660 2444 urbis
677 2376 860 2467 epiroticas
885 2375 1075 2460 Buthroti‘,
1093 2375 1151 2444 ubi
1173 2376 1215 2444 de
1237 2377 1324 2446 hove
1352 2378 1478 2449 fretum

212 2531 216 2536 -
253 2492 445 2584 trajiciente
466 2492 596 2584 aliquid
615 2501 773 2560 narratur
793 2492 885 2584 quod
908 2492 1033 2560 mirum
1048 2492 1082 2561 in
1098 2491 1240 2560 modum
1257 2516 1335 2561 cum
1354 2494 1478 2562 fabella

255 2607 495 2678 Plutarchiana
511 2607 681 2694 concinit,
699 2608 758 2676 sed
779 2630 857 2676 cum
876 2608 1052 2698 scriptoris
1069 2618 1162 2678 aetas
1179 2608 1280 2699 plane
1296 2608 1332 2677 in
1347 2609 1476 2678 incerto

253 2721 296 2788 sil
310 2734 344 2792 ct
357 2722 508 2814 alioquin
522 2745 645 2812 parum
660 2733 762 2792 notus
778 2724 1110 2816 fuerit,supersedeo
1123 2724 1163 2792 de
1175 2725 1361 2815 colongias
1375 2747 1477 2816 quae-

252 2861 338 2912 rere,
350 2839 463 2910 Etiam
472 2839 665 2908 Antiochus
677 2839 1042 2926 Ascalonita,hrchiae
1053 2840 1089 2909 iu
1100 2842 1239 2910 cohorte
1254 2841 1388 2910 Luculli
1400 2863 1475 2910 con-

251 2955 451 3040 tubernalis,
461 2978 481 3026 a
491 2955 674 3023 Plutarcho
687 2955 793 3024 semel
804 2955 977 3042 laudatur,
993 2956 1160 3025 scilicetis
1174 2956 1207 3026 in
1219 2957 1305 3025 libro
1313 2957 1476 3048 inscripto

250 3074 327 3164 Περὶ
342 3081 415 3144 θεῶν
431 3071 471 3138 de
484 3071 615 3162 proelio
627 3071 926 3160 Tigranocertensi
938 3072 1148 3140 montionem
1160 3073 1321 3162 injecerat
1334 3077 1357 3156 ⁸3
1374 3097 1476 3164 quem

249 3188 372 3257 librum
384 3187 500 3259 statim
509 3193 588 3280 post
597 3209 748 3278 pugnam
758 3186 964 3256 edidissevel
974 3187 1303 3278 scripsissevidetur,
1313 3189 1474 3278 quoniam

250 3327 319 3374 nou
330 3287 380 3372 ita>
393 3304 501 3374 multo
517 3311 604 3396 post,
621 3303 655 3370 in
674 3303 770 3392 Syria
786 3325 905 3394 agens,
924 3302 1100 3372 decessor.
1123 3303 1241 3371 Potuit
1259 3327 1341 3373 sane
1357 3305 1476 3371 Antio-

248 3419 333 3498 chus
343 3418 379 3488 in
390 3417 451 3487 tali
461 3417 707 3488 commentario
719 3420 877 3510 exempla
888 3419 1054 3509 quaedam
1067 3418 1208 3486 deorum
1220 3420 1386 3488 auxilium
1399 3420 1475 3487 illu-

243 3531 393 3606 'strantia
409 3534 624 3624 dispergere;
643 3532 841 3603 dimidiatus
862 3534 952 3622 enim
972 3534 1100 3601 stoicus
1118 3533 1245 3618 debuit,
1264 3535 1356 3626 quod
1376 3534 1473 3604 stoici

247 3651 442 3736 credebant,
458 3652 531 3742 ipse
544 3649 682 3720 credere
700 3673 707 3720 :
723 3651 795 3718 oz'so
809 3648 979 3740 quaedam
995 3647 1119 3716 mittio
1134 3649 1209 3734 deo,
1228 3650 1370 3720 celatae
1385 3675 1474 3742 quoe

246 3768 282 3836 in
312 3767 450 3838 somniis
469 3766 661 3852 videantur,
688 3787 843 3856 potaeque
874 3765 1031 3850 oraculo,
1054 3764 1226 3854 auspiciis,
1255 3766 1340 3834 estis
1361 3765 1472 3834 decl-

245 3896 390 3958 rcotur⁷.
409 3883 494 3966 Quis
511 3893 625 3954 tamen
649 3891 745 3972 putet
773 3889 1020 3972 tollentesque
1044 3879 1191 3965 fabulas,
1212 3905 1296 3973 quas
1316 3882 1417 3954 modo
1434 3884 1469 3954 io

277 4155 301 4211 l.
318 4151 491 4224 Obsequens,
505 4169 530 4207 o.
546 4151 581 4206 60
594 4151 633 4220 (p.
650 4149 701 4205 133
715 4148 808 4224 labo).

277 4235 303 4290 2.
320 4227 604 4306 Appiau.,l1tlhrtd.‚
619 4229 673 4296 753
690 4230 734 4284 83.

275 4309 301 4366 3.
324 4309 427 4368 Suidas
449 4329 456 4366 :
470 4311 583 4375 Τεῦκρος
597 4309 610 4358 d
626 4309 776 4370 Κυζικηνὸς,
792 4308 805 4356 ὁ
820 4307 950 4374 γράψας...
965 4307 1150 4374 Μιθριδατικῶν
1166 4309 1286 4376 Πράξεων
1303 4311 1385 4375 dadila
1400 4313 1431 4364 ε’.

274 4393 302 4451 d.
320 4391 415 4463 Steph·
431 4389 509 4463 Byz·,
522 4405 545 4443 S·
559 4405 584 4442 v·
598 4385 762 4454 Βονθρώτοι;
780 4389 869 4457 atym.
882 4389 968 4456 Moy„
979 4405 1007 4459 p.
1019 4389 1081 4446 210.
1092 4388 1222 4459 Eamdem
1233 4390 1374 4446 historiam
1389 4393 1462 4450 dedit

250 4471 412 4532 scholiastes
427 4467 595 4525 Turonensis
610 4467 644 4524 ad
660 4466 747 4524 Servii
758 4465 861 4522 Corum.
878 4465 904 4520 in
921 4467 1054 4536 Aeneida,
1067 4467 1180 4542 111‚;293
1191 4469 1229 4542 (p.
1242 4471 1304 4538 393,
1314 4470 1414 4542 Thilo).

272 4553 300 4610 5.
316 4550 401 4616 Plut,
416 4551 493 4618 Lac,
509 4549 554 4604 28.

272 4633 299 4691 6.
314 4629 384 4698 Cic,
399 4629 487 4686 Acod.
500 4631 602 4698 prior,
616 4627 651 4695 Il,
667 4643 725 4694 xm,
741 4629 784 4683 61.

271 4713 299 4768 7.
316 4711 402 4774 Acad.
411 4713 513 4787 prior„
528 4709 561 4777 ΙΙ,
582 4725 628 4776 xv,
644 4709 692 4764 et.
716 4707 757 4762 Cl'.
774 4709 926 4777 Bellicam,
945 4707 966 4776 Ι,
978 4709 1004 4770 3.
