3634 5642
859 615 1036 681 „28-

336 785 380 858 ad
395 784 551 855 ultimam
567 790 903 876 senectutemaetate
917 781 1083 872 producta
1094 787 1122 865 ¹;
1143 780 1257 850 Crassi
1272 783 1430 869 oratoris,
1443 785 1483 868 Q.
1499 787 1557 856 Ca-

336 901 412 983 tuli,
425 899 605 968 familiaris
622 899 687 967 luit
698 899 722 984 ²,
740 922 802 968 seu
822 900 967 968 Romam
978 896 1051 987 ipse
1067 896 1213 981 venerit,
1224 919 1286 965 seu
1302 897 1339 965 iu
1359 899 1559 973 Macedonia

333 1016 389 1085 vel
404 1015 548 1084 Graecia
561 1015 627 1083 iter
650 1015 853 1085 facientibus
873 1014 957 1082 olim
979 1011 1177 1082 occurrerit.
1194 1012 1228 1080 Is
1250 1012 1357 1104 igitur
1379 1016 1559 1108 Antipater

290 1141 292 1148 '
335 1130 468 1200 solebat
483 1130 661 1220 (Cicerone
675 1130 775 1216 teste)
799 1153 913 1197 versus
932 1127 1142 1196 deccmetros
1158 1127 1310 1219 aliosque
1328 1131 1431 1198 variis
1451 1135 1559 1205 modis

335 1259 439 1339 atque
459 1247 607 1315 cremeris
626 1245 773 1338 secedere
797 1269 839 1313 ec
858 1258 1018 1336 tempore.
1035 1245 1105 1313 Nec
1128 1244 1244 1312 miuus
1261 1244 1304 1313 ob
1326 1244 1420 1314 illam
1440 1271 1558 1340 praes·

337 1361 479 1431 tantiam
501 1361 646 1431 Archias
667 1360 912 1430 Antiochensis
940 1358 1130 1430 abeodem
1157 1358 1322 1428 Cicerone
1353 1363 1555 1436 celebratur.

338 1478 509 1564 Quotiens,
537 1477 620 1561 ait’,
647 1501 706 1569 epo
730 1477 820 1544 dunc
839 1477 922 1560 vidi,
944 1498 1022 1544 cum
1043 1473 1192 1542 litteram
1211 1475 1393 1567 scripsisset
1411 1480 1556 1566 trullam,

332 1617 497 1686 mcpnttm
516 1615 698 1662 numerum
715 1592 924 1684 optimorum
943 1614 1102 1660 versuum
1119 1589 1162 1659 de
1183 1591 1222 1659 iis
1237 1592 1318 1683 ipsis
1338 1597 1448 1680 rebus,
1470 1620 1558 1687 quae

333 1723 408 1780 tum
431 1721 620 1802 sperentur,
641 1707 751 1777 dicere
771 1733 813 1777 ec
832 1710 1002 1800 tempore!
1022 1707 1177 1799 quotiens
1192 1721 1385 1778 revocatum
1404 1712 1557 1782 eamdem

331 1849 403 1896 rem
425 1824 537 1894 dicere
565 1824 780 1894 commutatis
807 1823 914 1892 verbis
942 1835 1046 1915 atque
1073 1824 1269 1892 sententiis!
1293 1825 1369 1909 Qua
1393 1827 1557 1899 facilitate

330 1941 467 2012 beatam
480 1940 696 2024 memoriam,
712 1939 886 2009 assiduam
900 1938 1191 2024 exercitationem,
1204 1941 1390 2010 verborum
1401 1953 1556 2034 paratam

330 2057 463 2148 copiam
489 2055 675 2146 significari
704 2079 773 2125 non
800 2055 1023 2148 negaverim
1051 2055 1155 2123 etiam
1180 2077 1348 2148 magnum
1372 2082 1555 2129 numerum

329 2195 492 2242 versuum
508 2173 556 2241 ita
579 2172 772 2241 condidisse
787 2171 963 2258 Archiam,
981 2170 1137 2242 Ciceroni
1162 2171 1320 2256 credam3
1337 2196 1381 2241 au
1396 2183 1430 2242 et
1446 2175 1557 2244 bonos

329 2288 532 2370 condiderit,
553 2289 588 2357 in
605 2287 720 2356 medio
736 2287 940 2379 relinquam.
964 2287 1103 2357 Scilicet
1123 2288 1181 2380 qui
1199 2311 1240 2356 ex
1262 2298 1414 2379 tempore
1434 2313 1556 2360 versus

329 2405 440 2476 dicere
458 2405 582 2488 solent,
598 2426 709 2496 pauca
725 2427 766 2472 ex
779 2404 919 2495 ingenio
934 2405 990 2472 vel
1004 2405 1181 2495 proposita
1196 2405 1350 2490 materia,
1367 2406 1500 2499 reliqua
1515 2430 1557 2476 ex

329 2520 478 2590 aliorum
501 2519 598 2588 libris
622 2521 677 2588 vel
704 2521 915 2612 praeparatis
939 2520 1023 2589 locis
1053 2542 1140 2613 quos
1164 2544 1230 2588 usu
1257 2542 1296 2589 ac
1319 2522 1556 2592 recordatione

328 2645 447 2706 tenent
461 2636 662 2727 plerumque
678 2636 897 2727 depromunt,
910 2635 959 2704 ita
975 2645 1013 2704 ut
1027 2635 1150 2704 humili
1166 2659 1205 2706 ac
1217 2636 1375 2706 sordidae
1395 2660 1555 2729 praesen·

330 2753 418 2821 tium
441 2774 557 2822 rerum
581 2751 808 2843 descriptione
824 2774 1025 2844 purpureus
1044 2765 1184 2820 causet
1208 2753 1307 2839 alter,
1328 2755 1387 2822 sad
1411 2755 1440 2822 is
1462 2777 1555 2824 com-

330 2869 457 2953 munis,
482 2889 618 2959 pannus
642 2876 813 2936 assuatur.
840 2867 1050 2957 Hujusmodi
1072 2867 1180 2936 fuisse
1206 2869 1388 2959 repentina
1408 2869 1556 2940 Archiae

329 2983 482 3052 carmina
495 3005 535 3051 eo
549 2982 660 3072 magis
674 2979 947 3050 existimaverim
960 2979 1053 3072 quod
1069 2982 1194 3073 scripta
1206 2984 1280 3072 ejus
1294 2983 1555 3074 epigrammata,

330 3109 368 3168 ut
382 3121 474 3168 nunc
496 3098 561 3166 erit
585 3096 902 3180 demonstrandum,
929 3097 1091 3166 solertem
1111 3097 1332 3181 imitatorem,
1351 3099 1457 3168 immo
1478 3122 1556 3168 ver-

331 3216 456 3285 borum
481 3223 515 3283 et
538 3214 786 3283 sententiarum
811 3213 1000 3282 alienarum
1017 3214 1142 3299 furem,
1170 3213 1369 3305 saepissime
1394 3225 1555 3307 arguunt.

376 3475 437 3544 ΙΙΙ.
463 3475 687 3567 Epiprcmmc
714 3475 750 3542 in
779 3473 946 3565 principio
981 3473 1068 3544 nihil
1104 3473 1199 3543 aliud
1230 3474 1295 3544 iuit
1319 3474 1423 3568 (quod
1455 3477 1558 3546 etiam

331 3615 457 3663 nomen
488 3594 562 3682 ejus
592 3590 753 3681 declarat)
790 3612 892 3682 quam
928 3589 1133 3660 brevissima
1161 3591 1275 3680 elegia
1309 3592 1467 3682 sepulcro
1500 3593 1557 3660 vel

334 3707 476 3779 donario
495 3707 669 3797 inscripta.
690 3705 893 3774 Humillimo
909 3706 1069 3774 carminis
1081 3706 1198 3797 generi
1221 3706 1416 3777 Simonides
1430 3708 1557 3778 nohili-

330 3833 449 3908 tatcm,
478 3822 702 3892 Alexandrini
731 3831 851 3910 poetae
880 3821 1086 3890 varietatem
1112 3822 1323 3915 adjecerunt,
1349 3832 1387 3891 ut
1416 3823 1557 3893 cuilibet

332 3951 548 4034 argumento,
567 3939 777 4033 quibuslibet
801 3939 978 4008 affectibus
1004 3941 1236 4032 exprimendis
1259 3940 1423 4009 idoneum
1447 3943 1554 4013 lieret.

331 4059 403 4128 Hos
414 4057 536 4126 deinde
552 4057 661 4125 secuti
674 4055 848 4125 innumeri
862 4065 995 4148 poetae,
1009 4058 1167 4127 Romana
1182 4067 1215 4126 et
1226 4057 1417 4149 Byzantina
1432 4067 1555 4138 aetate,

331 4183 483 4242 vaterem
512 4182 632 4254 artam,
662 4172 691 4240 si
720 4194 790 4240 non
816 4171 1121 4262 amplificaverunt,
1148 4182 1299 4241 attamen
1328 4173 1554 4244 retinuerunt.

368 4417 394 4472 l.
409 4416 472 4472 Val.
486 4417 633 4482 Maximus,
648 4417 669 4485 l,
685 4433 740 4478 rur.
758 4416 802 4479 16,
822 4423 879 4471 ext.
895 4435 903 4479 ;
923 4415 1007 4484 Plin.‚
1022 4415 1082 4486 Vll,
1100 4433 1137 4487 tr,
1153 4419 1223 4486 1723
1246 4416 1334 4488 ambo,
1351 4423 1382 4474 ut
1395 4419 1511 4487 videtur,
1525 4438 1559 4478 ex

333 4497 474 4564 Cicerone,
494 4499 607 4567 Desoto,
624 4497 672 4564 ΙΙΙ,
684 4499 710 4552 5.
728 4496 784 4552 Sed
799 4513 853 4551 non
871 4495 940 4551 febri
955 4512 1055 4565 annua,
1073 4514 1165 4551 verum
1181 4497 1270 4569 lapsu,
1285 4515 1365 4569 quern
1379 4499 1471 4556 ebrius
1487 4501 1557 4570 iecit,

333 4585 486 4651 correptum
500 4578 672 4651 Antipatrum
688 4583 806 4633 testatur
821 4576 968 4647 Meleager,
984 4576 1077 4631 Anco.
1091 4578 1163 4646 Pet,
1180 4577 1239 4644 Vll,
1256 4578 1317 4633 ²128.

368 4659 395 4793 Ξ.
411 4655 678 4794 5³10.,AttehorotplrlesI
691 4656 739 4791 Illi
754 4674 779 4723 a,
797 4656 848 4711 194
863 4655 994 4730 (Tempus
1009 4655 1112 4730 dialogi
1128 4673 1216 4714 rtnnus
1232 4664 1275 4714 est
1291 4659 1322 4718 U.
1340 4658 1371 4715 C.
1387 4661 1461 4736 663).

391 4779 397 4792 .
439 4755 470 4794 ro
509 4755 539 4793 rc
559 4753 597 4806 cc,
682 4779 689 4802 ‚
743 4781 749 4798 .
