3634 5642
756 637 933 704 ..13-

239 816 272 875 ct
287 806 428 875 arduam
445 805 698 875 contentionem
714 801 822 871 fuisse
838 803 1081 895 comperimus,
1098 823 1177 872 cum
1193 824 1320 893 magna
1333 826 1412 895 pars
1427 806 1462 876 in

238 921 281 990 iis
296 920 490 991 civitatibus
505 919 653 989 foederis
667 918 722 988 sui
737 917 931 989 libertatem
946 917 1078 986 civitati
1091 919 1277 987 anteferret
1290 920 1312 986 ¹.
1330 919 1462 1002 Quibus

239 1038 350 1108 adhuc
365 1036 606 1106 cunctantibus
624 1036 675 1128 (ut
690 1036 822 1126 opinor)
840 1035 881 1106 P.
899 1034 1043 1104 Crassus
1059 1057 1181 1104 censor
1193 1036 1338 1105 Alexam
1353 1036 1461 1104 Hera-

239 1154 403 1224 cliensem
426 1151 563 1245 proprio
586 1153 664 1243 jure
685 1151 812 1220 tabulis
836 1151 1019 1221 inseruit'.
1044 1150 1133 1221 Vicit
1157 1150 1303 1243 denique
1326 1153 1462 1222 romani

239 1269 391 1339 nominis
407 1269 557 1354 claritas,
575 1278 609 1338 et
631 1268 795 1359 Neapolis
811 1268 1046 1361 Heracleaque
1067 1289 1110 1335 cx
1133 1266 1328 1337 civitatibus
1349 1267 1462 1337 muni-

240 1384 330 1477 cipia
353 1385 462 1453 factae
487 1393 580 1451 suut.
602 1383 702 1466 Quod
726 1382 866 1474 quidem
885 1381 927 1451 de
943 1381 1183 1474 Neapolitanis
1209 1381 1335 1452 diserte
1358 1382 1464 1452 tradi-

239 1501 333 1584 tur⁸;
355 1499 522 1570 sedidem
543 1521 625 1568 mox
645 1498 686 1568 ab
709 1497 986 1568 Heracliensibus
1005 1498 1180 1567 decretum
1195 1496 1302 1566 fuisse
1319 1502 1465 1567 testatur

240 1638 318 1686 curn
342 1615 418 1706 ipsa
442 1614 617 1685 Ciceronis
641 1637 703 1706 pro
727 1614 857 1684 Archia
883 1612 1007 1699 oratio,
1033 1614 1070 1682 in
1096 1638 1165 1707 qua
1188 1636 1228 1682 ea
1254 1612 1336 1682 urbs
1361 1635 1462 1706 saepe

239 1730 469 1822 marnicipr'am
491 1740 669 1818 vocatum,
694 1738 768 1799 tum
792 1730 882 1821 legis
905 1731 1019 1801 Juliae
1043 1730 1262 1824 municipalis
1287 1732 1481 1824 exemplar.

238 1847 424 1916 Heracleae
459 1848 668 1940 repertum⁸.
708 1846 880 1930 Ceterum,
917 1868 998 1916 cum
1035 1846 1241 1916 tabularium
1278 1847 1464 1916 Heracleae

239 1962 416 2054 publicum
430 1986 471 2033 eo
486 1973 640 2054 tempore
656 1961 779 2031 fuisset
791 1961 970 2032 incensum
981 1963 1005 2048 ⁸,
1022 1963 1177 2046 Archias,
1192 1960 1331 2032 nemine
1347 1971 1467 2032 contra

241 2078 388 2163 dicente,
408 2078 618 2171 adscriptum
633 2100 670 2148 se
687 2078 946 2149 Heracliensem
964 2079 1137 2149 declarare
1152 2078 1277 2171 potuit,
1296 2087 1330 2148 et
1343 2085 1462 2170 utpote

240 2195 299 2286 qui
316 2193 522 2286 jampridem
537 2195 667 2262 Romae
691 2192 906 2263 domicilium
921 2195 1074 2281 haberet,
1096 2195 1187 2288 apud
1205 2205 1397 2288 praetorem
1417 2193 1459 2276 Q.

240 2309 416 2381 Metellum
434 2309 546 2396 Pium,
564 2308 769 2379 familiarem
785 2333 900 2396 suum,
917 2311 1069 2402 profiteri
1081 2313 1105 2380 ⁷.

284 2560 377 2631 XIV.
405 2561 528 2632 Statim
547 2561 691 2653 hujusce
716 2561 798 2630 anni
816 2583 986 2648 censores,
1003 2561 1043 2631 P.
1064 2561 1218 2631 Licinius
1242 2561 1398 2645 Crassus,
1418 2559 1458 2631 L.

239 2680 260 2748 J
263 2678 353 2746 ulius
371 2677 510 2762 Caesar,
521 2699 630 2746 novos
642 2676 735 2747 cives
749 2677 787 2745 in
801 2679 895 2746 octo⁸
906 2677 1032 2768 (vebat
1045 2678 1103 2746 alii
1120 2677 1345 2761 tradiderunt,
1359 2678 1394 2745 in
1409 2677 1465 2744 de·

242 2816 315 2863 cem
328 2795 352 2884 ⁸)
364 2815 471 2863 novas
489 2792 595 2862 tribus
612 2792 876 2884 descripserunt,
889 2816 974 2884 quas
990 2803 1106 2862 tamen
1120 2793 1215 2862 brevi
1230 2803 1349 2886 postea
1363 2791 1464 2861 abro-

241 2919 339 3000 gatas
352 2932 531 3002 novosque
548 2909 640 2978 cives
652 2908 826 2978 veteribus
841 2909 1058 2980 intermixtos
1073 2910 1180 2980 fuisse
1193 2908 1464 3001 comperimus‘⁰.

277 3159 301 3214 1.
324 3157 392 3230 Cic,
407 3161 462 3216 Pro
475 3161 570 3228 Balbo,
581 3160 654 3233 Vlll,
670 3161 715 3218 21.

274 3241 302 3296 2.
322 3242 375 3295 Pro
389 3241 483 3310 Balbo,
498 3239 585 3312 XXII,
601 3243 646 3297 50.
662 3241 764 3298 Eodem
779 3248 900 3315 tempore
915 3245 965 3300 Cn.
978 3243 1076 3301 Strabo
1091 3243 1124 3298 P.
1142 3241 1268 3298 Caesium
1280 3239 1468 3298 Ravennatem

240 3319 321 3392 (Cic,
334 3320 427 3390 tcta),
444 3319 513 3376 elius
528 3320 620 3378 nescio
634 3321 697 3395 quis
711 3321 858 3395 imperator
876 3324 955 3396 (uon,
974 3331 1003 3379 ut
1018 3323 1150 3395 gloriatur
1161 3321 1334 3390 Paterculus,
1347 3321 1467 3394 populus

240 3400 383 3470 romanas)
393 3399 537 3455 Minatium
551 3400 671 3471 Magium
687 3402 895 3458 Aeculaneuseu
911 3402 989 3474 (Vell.
1000 3403 1073 3473 Pet,
1088 3403 1122 3469 ll,
1141 3404 1184 3476 16)
1200 3401 1298 3458 viritim
1313 3399 1468 3457 civesfece-

240 3486 314 3536 runt.
324 3479 400 3546 Quae
414 3480 506 3536 omnia
518 3480 545 3536 in
559 3481 643 3554 globo
655 3481 771 3538 forsitan
787 3481 960 3556 plebiscitum
975 3482 1099 3555 permisit
1116 3483 1156 3538 vel
1172 3482 1323 3539 excusavit.

275 3559 303 3616 3.
324 3558 392 3629 cto,
409 3560 457 3615 Ad
471 3562 550 3629 fam,
568 3560 643 3632 Xlll,
659 3579 723 3630 xxx,
738 3564 751 3618 1
770 3579 777 3617 :
793 3565 823 3618 L.
840 3565 962 3619 Montius
977 3570 1015 3620 est
1030 3563 1113 3621 Sosis.
1130 3565 1156 3618 ls
1169 3564 1225 3632 fait
1241 3563 1405 3630 Catinensis,
1420 3562 1467 3618 sed

239 3646 281 3694 est
299 3655 358 3694 aaa
375 3656 437 3696 cum
459 3643 572 3712 reliquis
591 3642 780 3713 Neapolitanis
796 3646 864 3699 airis
885 3659 1015 3699 romanas
1032 3646 1123 3711 factas
1146 3643 1310 3714 decurioque
1328 3643 1468 3712 Neapoli:

239 3721 384 3775 eratenim
399 3721 554 3791 adscriptas
568 3723 599 3776 in
619 3723 652 3776 id
664 3725 848 3795 municipium
863 3729 927 3780 ante
941 3726 1077 3780 ciuitmem
1091 3725 1173 3779 sociis
1188 3728 1213 3780 et
1230 3724 1337 3779 Latinis
1361 3723 1467 3780 datam.

277 3799 303 3855 l.
324 3801 378 3855 Pro
386 3800 502 3870 Archia,
519 3801 565 3870 lV,
581 3802 617 3871 83
635 3802 819 3874 tc;x11‚3t.

276 3880 303 3938 5,
319 3879 348 3936 C.
363 3881 386 3936 l.
402 3883 448 3952 1.,
465 3881 487 3950 1,
501 3881 565 3940 206.

275 3958 302 4013 6.
323 3962 375 4016 Pro
388 3962 503 4031 Arabia,
520 3961 566 4030 lV,
583 3963 615 4019 8.

274 4039 302 4094 7.
323 4039 427 4095 Metelli
451 4047 580 4114 praetura
604 4042 711 4100 videtur
733 4044 761 4100 fn
785 4062 886 4100 annum
911 4044 943 4103 tt.
970 4043 1001 4106 C.
1025 4046 1079 4102 665
1102 4045 1209 4109 cadere,
1230 4061 1385 4118 quanquam
1407 4060 1468 4099 eum

242 4127 374 4191 sequente
397 4137 470 4176 anno
489 4120 617 4178 Aurelius
635 4123 727 4180 Victor
744 4126 793 4197 (lle
811 4128 866 4184 vir.
884 4126 937 4195 at,
960 4126 1007 4199 63)
1030 4133 1058 4182 et
1075 4125 1218 4200 Appianus
1240 4125 1281 4199 (Β.
1298 4125 1368 4194 Cia,
1386 4123 1408 4192 l,
1423 4125 1469 4191 53)

237 4196 394 4270 praetorem
407 4199 449 4256 vel
465 4202 606 4268 στρατηγὸν
617 4205 771 4278 appellant;
788 4205 835 4261 sed
851 4206 919 4262 haee
932 4222 985 4261 vox
996 4206 1090 4262 crebro
1104 4213 1250 4279 usurpatur
1263 4203 1310 4261 ubi
1323 4220 1376 4275 pro
1388 4220 1470 4274 prae·

242 4283 298 4333 tore
317 4279 397 4335 scribi
413 4282 566 4352 oportebat.

277 4359 304 4414 8.
326 4359 395 4416 Vell.
412 4361 486 4430 Pet,
504 4362 539 4428 ll,
554 4365 599 4421 20.

275 4440 303 4498 9.
323 4441 476 4514 Appianus‚
492 4446 523 4499 B.
540 4445 609 4513 Cia,
624 4445 645 4516 Ι,
662 4447 705 4502 49.
725 4447 844 4516 Scilicet,
861 4454 891 4503 ut
905 4447 1011 4522 opinor,
1027 4453 1088 4505 cato
1102 4447 1228 4504 tribubus
1242 4463 1276 4503 ex
1287 4447 1348 4520 lege
1359 4443 1468 4502 Plautia

243 4519 339 4576 creatis
352 4530 529 4580 accesserunt
544 4525 614 4581 duae
629 4524 698 4583 eliac
708 4527 764 4600 jam
780 4528 918 4602 superiore
931 4544 1003 4584 anno
1021 4545 1054 4584 ex
1075 4528 1136 4600 lege
1152 4527 1299 4600 Calpurnia
1312 4527 1465 4583 institutae.

243 4597 283 4655 Cf.
299 4599 445 4658 Sisennam
464 4620 507 4678 ap.
524 4603 661 4661 Nonnium
677 4623 700 4662 s.
716 4625 742 4663 v.
758 4611 849 4664 senati
863 4607 921 4680 (lib.
944 4608 990 4677 lll,
1013 4609 1047 4665 fr.
1067 4610 1101 4664 17
1117 4609 1232 4683 Peter):
1253 4609 1281 4664 t.
1300 4609 1466 4678 Calpurnius

241 4679 304 4734 Piso
318 4685 456 4739 cesenati
469 4686 591 4742 consulto
605 4686 674 4743 daos
686 4704 771 4744 novas
786 4689 874 4745 tribas
890 4688 1028 4762 (rogarit).

279 4759 322 4817 10.
343 4761 413 4833 Liv,
427 4765 494 4836 Ep,
509 4769 563 4836 773
578 4767 707 4840 Appiam,
719 4768 741 4836 1,
756 4771 801 4826 55.
815 4769 873 4824 Hoc
886 4787 921 4826 ex
936 4771 996 4842 lege
1011 4769 1245 4844 Sulpiciafactum
1255 4777 1309 4841 est,
1320 4786 1391 4843 quae
1404 4785 1469 4824 mox
