3670 5634
806 629 985 694 -lt-

282 790 453 860 femineae
470 791 632 862 caesurae
648 815 751 861 usum
766 815 902 885 semper
920 794 957 864 in
978 795 1085 887 elegis
1101 798 1218 891 magis
1231 822 1333 891 quam
1349 800 1386 869 in
1400 801 1509 869 hexa-

282 907 402 975 metris
416 911 490 979 κατὰ
502 918 596 998 στίχον
611 908 800 979 obtinuisse
821 934 829 993 ;
847 915 945 1003 cujus
960 934 1064 982 causa
1078 913 1115 982 in
1130 927 1288 1007 promptu
1307 939 1315 984 :
1332 940 1413 985 nam
1429 939 1506 985 cum

283 1046 405 1092 versus
421 1033 636 1115 pentameter
655 1034 778 1094 natura
802 1049 844 1094 ex
866 1027 999 1096 duabus
1017 1029 1346 1119 penthemimeribus
1363 1043 1506 1116 constet,

285 1139 313 1207 si
328 1138 527 1208 hexameter
542 1142 662 1210 eadem
682 1142 814 1210 ratione
840 1143 1023 1228 dividatur,
1048 1145 1122 1235 pari
1145 1146 1377 1217 modulatione
1400 1172 1508 1239 usque

283 1266 490 1341 recurrente,
503 1255 632 1325 orietur
643 1258 832 1329 fastidium.
847 1259 973 1329 Contra
986 1261 1015 1328 si
1031 1261 1184 1354 plerique
1196 1263 1388 1332 hexametri
1402 1289 1507 1334 unum

284 1393 393 1461 genus
414 1393 577 1440 caesurae
598 1382 795 1464 sequantur,
815 1377 1020 1466 pentametri
1040 1377 1199 1464 alterum,
1218 1379 1366 1448 varietas
1387 1404 1509 1449 nume-

284 1511 402 1556 rorum
424 1488 568 1558 disticho
593 1491 747 1582 leporem
769 1491 879 1560 addet.
907 1493 997 1562 Sane
1018 1493 1102 1563 haec
1123 1495 1313 1584 elegantiae
1340 1496 1509 1565 subtilitas

285 1603 460 1672 Romanos
479 1603 650 1694 elegiacos
667 1616 700 1674 et
713 1607 875 1698 vulgares
887 1608 1034 1677 Graecos
1050 1619 1169 1700 poetas
1184 1611 1242 1701 qui
1259 1634 1321 1679 sua
1336 1611 1510 1703 lapidibus

285 1717 533 1811 inscripserunt
555 1720 696 1789 omniuo
716 1722 824 1813 fugit,
843 1721 903 1790 sed
921 1745 995 1791 eam
1012 1724 1236 1793 Alexandrini
1249 1747 1428 1818 nunquam
1448 1750 1508 1797 ne·

281 1837 477 1924 glexerunt,
491 1836 637 1904 Archias
657 1836 760 1905 etiam
776 1838 958 1906 immodice
974 1839 1099 1923 coluit;
1128 1839 1218 1909 inest
1232 1842 1324 1910 enim
1340 1843 1507 1913 femineae

285 1969 446 2020 caesurae
462 1953 623 2022 mollities
639 1954 808 2044 quaedam
827 1965 861 2023 et
880 1955 1038 2044 languor,
1065 1956 1123 2047 qui
1139 1980 1205 2026 usu
1231 1968 1265 2026 et
1284 1957 1509 2031 continuitate

283 2067 438 2138 taedium
455 2079 604 2156 movent,
623 2069 783 2140 Nonnum
796 2071 991 2162 legentibus
1008 2095 1186 2141 nauseam.

330 2302 410 2372 XII.
434 2302 525 2372 Satis
541 2323 711 2394 superque
726 2301 824 2370 nobis
846 2302 887 2371 de
910 2303 1200 2394 epigrammaticis
1216 2306 1363 2375 Archiae
1378 2307 1512 2376 lusibus

288 2419 484 2488 dictumest
505 2441 513 2503 ;
539 2441 631 2488 nunc
655 2418 697 2488 ad
720 2442 760 2488 ea
784 2421 1019 2490 convertimur
1041 2424 1357 2513 majorapoemata,
1374 2423 1510 2514 quihus,

288 2537 370 2604 dum
407 2536 555 2620 vivebat,
587 2536 699 2626 gloria
726 2540 801 2628 ejus
825 2536 974 2605 maxime
1000 2535 1184 2608 nitebatur.
1217 2538 1387 2621 Quattuor
1414 2540 1512 2608 fuere

287 2674 432 2721 numero
450 2673 458 2721 :
478 2651 701 2733 Cimbricum,
718 2651 999 2733 Mithridaticum,
1025 2652 1235 2737 Tullianum,
1265 2654 1509 2724 Caecilianum.

286 2769 419 2836 Horum
445 2767 512 2836 tria
537 2768 595 2839 vel
618 2767 746 2858 incepit
771 2778 918 2854 tantum,
933 2769 988 2837 vel
1005 2768 1126 2837 leviter
1141 2769 1378 2847 adumbravit;
1402 2793 1511 2840 unum

286 2881 554 2954 Mithridaticum
570 2882 613 2952 ad
627 2885 731 2953 finem
744 2884 916 2975 perduxit,
935 2885 977 2954 de
994 2909 1062 2977 quo
1077 2885 1184 2975 igitur
1196 2885 1306 2954 fusius
1322 2884 1387 2954 erit
1401 2885 1511 2955 disse-

286 3000 442 3068 rendum.
464 2999 530 3068 Sed
547 3009 729 3092 antequam
755 3000 891 3093 singula
917 3023 1176 3092 persequamur,
1204 3001 1353 3092 primum
1377 3001 1413 3070 in
1437 3002 1513 3071 uni-

286 3137 424 3184 versum
439 3115 648 3207 signandum
667 3125 701 3184 et
715 3116 925 3186 laudandum
941 3125 993 3185 est
1010 3117 1276 3209 consiliumque
1295 3117 1330 3185 in
1344 3118 1513 3209 eligendis
1607 3153 1608 3158 κ

287 3231 480 3300 carminum
512 3255 655 3302 suorum
687 3233 900 3322 argumentis
929 3255 1017 3302 usus
1051 3244 1104 3301 est
1133 3243 1270 3320 noster,
1300 3234 1425 3326 quippe
1456 3233 1514 3325 qui

284 3347 429 3437 primus,
456 3354 495 3415 ut
521 3346 669 3433 videtur,
698 3348 906 3417 Graecorum
935 3369 1057 3438 graece
1087 3347 1307 3417 scribentium
1337 3347 1512 3416 Romanas

286 3461 459 3549 historias,
477 3464 654 3533 Romanos
668 3463 762 3533 viros
774 3464 870 3555 epico
887 3465 1037 3532 carmine
1053 3463 1285 3533 illustraverit.
1304 3462 1513 3532 Graecorum

287 3579 379 3647 enim
394 3578 533 3648 heroica
544 3579 660 3670 poesis
675 3602 754 3648 cum
766 3579 952 3670 antiquitus
970 3590 1043 3650 tota
1057 3602 1100 3649 ex
1115 3580 1254 3666 fabulis,
1266 3578 1330 3658 dis,
1347 3579 1511 3648 heroibus

286 3697 461 3786 penderet,
496 3695 676 3764 Choerilus
707 3696 860 3778 Samius,
895 3696 1062 3766 Herodoti
1088 3695 1283 3781 familiaris,
1312 3695 1510 3764 historicam

285 3811 463 3880 materiem
481 3835 624 3904 eamque
646 3811 845 3881 recentioris
869 3812 1069 3899 memoriae,
1097 3811 1236 3880 Persica
1260 3811 1390 3880 scilicet
1407 3811 1509 3895 bella,

236 3941 241 3952 '
286 3949 391 3995 ausus
404 3937 457 3996 est
471 3927 625 4018 aggredi.
637 3928 703 4011 Qui
715 3927 838 3997 deinde
854 3927 1088 3997 Alexandrina
1101 3937 1211 3996 aetate
1226 3927 1262 3994 in
1277 3927 1373 4018 epioe
1386 3949 1512 4017 genere

286 4043 494 4129 claruerunt,
516 4027 551 4111 hi
566 4044 621 4114 vel
642 4043 684 4112 ad
697 4044 847 4134 mythice
863 4054 1067 4134 argumenta
1085 4043 1215 4113 reversi
1231 4041 1386 4110 doctrina
1400 4039 1511 4133 magis

287 4181 389 4248 quam
405 4159 545 4248 ingenio
561 4182 601 4228 ea
618 4171 880 4246 renovaverunt,
897 4160 951 4229 vel
965 4159 1128 4228 historica
1152 4167 1369 4249 argumenta,
1388 4156 1448 4224 sed
1472 4180 1513 4225 ea

284 4275 478 4344 reconditae
491 4275 692 4367 plerumque
708 4275 937 4366 antiquitatis,
955 4276 1145 4366 elegerunt,
1168 4284 1204 4342 ut
1220 4273 1377 4342 Rhianus
1389 4275 1510 4341 Messe-

284 4390 401 4474 uicoo;
417 4391 574 4460 nonnulli
587 4401 715 4475 tamen,
730 4390 851 4460 aulicis
866 4392 1040 4460 favoribus
1056 4389 1242 4471 inhiantes,
1260 4412 1322 4479 pro
1337 4388 1510 4457 veteribus

284 4528 385 4590 nova,
398 4528 460 4596 pro
471 4507 612 4598 sepultis
626 4506 788 4574 heroibus
800 4507 896 4576 vivos
912 4529 1012 4595 reges
1028 4529 1150 4575 canere
1165 4491 1398 4574 instituerunt.
1418 4503 1512 4571 luter

285 4644 371 4713 quos
396 4632 474 4691 ante
503 4645 623 4690 omnes
649 4623 864 4691 memorandi
887 4634 967 4691 sunt
987 4623 1045 4714 qui
1066 4621 1253 4694 Alexandri
1272 4619 1387 4710 Magni
1404 4620 1507 4705 facta,

284 4737 387 4835 longe
414 4735 562 4838 impares
585 4744 700 4811 tantae
718 4735 888 4822 materiei,
919 4737 1145 4822 celebravere,
1172 4733 1351 4806 Choerilus
1375 4731 1507 4828 junior,
