3670 5634
875 672 1053 738 ...34-

352 846 504 934 fratrum
518 853 730 927 venatorum,
750 848 911 930 quattuor
926 838 1196 930 epigrammatis,
1213 837 1327 907 verbis
1343 845 1488 920 tantum,
1506 861 1577 909 uon

355 959 457 1028 rebus
475 959 563 1026 inter
586 980 622 1025 se
653 954 888 1024 differentibus
912 955 1064 1022 variatur
1079 957 1101 1023 ¹.
1132 955 1218 1038 Quis
1243 954 1291 1023 ibi
1315 977 1386 1023 non
1413 967 1578 1046 agnoscat

355 1073 622 1142 Antiochensem
638 1082 795 1140 nostrum
814 1075 1048 1158 αὑτοοχεδιαστήν
1072 1066 1112 1139 de
1136 1094 1203 1162 quc
1222 1070 1418 1139 audivimus
1442 1071 1578 1141 Cicero-

355 1211 434 1256 nem
454 1187 707 1279 praedicantem
723 1207 826 1277 quam
845 1207 945 1276 saepe
970 1185 1124 1254 eumdem
1142 1209 1215 1254 rent
1242 1185 1458 1256 commutatis
1474 1187 1579 1256 uerbis

356 1318 459 1395 etque
475 1304 646 1372 sententiis
660 1301 807 1372 dixerit?
820 1300 993 1386 Ceterum,
1012 1323 1056 1369 ne
1071 1299 1189 1370 eredas
1206 1302 1292 1372 hano
1309 1303 1449 1370 inanem
1464 1301 1580 1370 lacun-

356 1419 448 1487 diam
460 1418 632 1511 propriam
646 1416 794 1486 Archiae
810 1417 930 1502 fuisse,
943 1417 1143 1486 memorabo
1158 1415 1249 1485 idem
1261 1420 1334 1507 Jam
1350 1417 1471 1486 fecisse
1482 1417 1580 1486 Anti·

357 1544 492 1623 patrum
518 1531 713 1612 Sidonium,
734 1533 834 1623 cujus
858 1532 894 1600 in
919 1512 1125 1602 celebratam
1151 1531 1305 1623 Myronis
1331 1533 1494 1602 buculam
1520 1556 1580 1601 sex

358 1649 608 1741 epigrammata
624 1657 759 1716 exstare
780 1646 918 1717 litterati
943 1648 1083 1740 quidem
1102 1647 1259 1723 homines
1283 1647 1466 1731 laetantur,
1493 1648 1580 1716 nihil

357 1787 440 1834 vero
455 1763 497 1834 ad
513 1764 626 1856 operis
648 1763 884 1853 cognitionem
901 1764 1055 1832 conferre
1074 1761 1192 1832 dolent
1208 1763 1423 1854 antiquitatis
1439 1761 1580 1832 investi-

358 1889 496 1969 gatores
511 1894 536 1948 ².

405 2125 477 2198 Vll.
500 2125 592 2195 llaec
607 2136 641 2195 et
664 2126 791 2196 similia
814 2123 987 2218 reputanti
1009 2129 1083 2218 jam
1100 2127 1158 2195 vix
1176 2127 1318 2198 dubium
1344 2127 1409 2198 erit
1431 2129 1527 2222 quin,
1553 2119 1582 2201 si

361 2243 477 2312 minus
490 2243 607 2311 omnia
621 2241 791 2311 Archiaca
807 2241 1068 2334 epigrammata,
1091 2252 1125 2310 at
1148 2255 1238 2312 certe
1257 2245 1349 2314 bona
1366 2269 1445 2335 pars
1461 2269 1582 2316 eorum

362 2359 412 2427 illi
430 2355 654 2427 celeberrimo
676 2357 821 2426 Archiae
836 2357 1061 2426 Antiochensi
1074 2357 1257 2427 tribuenda
1280 2361 1341 2444 sit;
1369 2385 1448 2430 nam
1471 2385 1583 2454 neque

363 2496 427 2561 ego
445 2469 618 2540 infitiabor
640 2472 715 2540 fieri
730 2495 831 2564 posse
859 2472 955 2541 utin
983 2496 1051 2543 unc
1075 2475 1130 2541 vel
1160 2477 1267 2544 altero
1283 2475 1382 2544 titulo
1409 2478 1584 2569 epitheton

364 2588 525 2678 Byzantii
537 2587 592 2655 vel
607 2587 819 2677 Mitylenaei,
838 2609 906 2676 quc
927 2585 1010 2654 olim
1029 2587 1314 2679 distinguebatur,
1334 2614 1416 2660 casu
1435 2591 1584 2684 quodam

365 2714 424 2771 aut
443 2725 556 2770 errore
573 2701 704 2770 librarii
727 2702 917 2773 exciderit:
937 2702 1030 2795 quod
1056 2703 1159 2772 etiam
1182 2705 1217 2772 in
1241 2706 1514 2798 Antipatrorum,
1532 2709 1584 2778 Si·

339 2881 340 2886 ,
365 2819 544 2908 doniildico
555 2829 588 2887 et
598 2817 926 2904 Thessalonicensis,
939 2819 1146 2889 carminibus
1162 2843 1408 2912 saepenumero
1419 2823 1584 2893 accidisse

366 2934 535 3003 videmus.
557 2933 724 3024 Objicitur
754 2933 819 3001 hoc
848 2935 1033 3003 ultimum:
1057 2935 1303 3005 Archiaccrum
1319 2960 1406 3028 quae
1427 2938 1585 3008 dicuntur

367 3049 654 3142 epigrammatum
667 3049 801 3117 nullum
814 3049 850 3115 in
866 3049 1042 3141 Meleagri,
1054 3051 1189 3120 nullum
1205 3055 1238 3120 in
1256 3053 1407 3144 Philippi
1425 3077 1586 3123 coronam

368 3177 541 3257 receptum
559 3164 678 3250 luisse,
692 3163 850 3255 quamvis
860 3163 1107 3234 Ciceronianus
1122 3167 1180 3234 ille
1193 3167 1337 3236 Archias
1353 3167 1505 3259 aequalis
1518 3167 1588 3238 Me-

368 3281 489 3371 leagri,
505 3279 664 3372 Philippo
681 3279 856 3372 aliquanto
872 3279 1047 3371 antiquior
1070 3281 1185 3353 fuerit.
1203 3281 1291 3352 Illud
1307 3306 1377 3351 non
1397 3306 1436 3351 eo
1455 3293 1588 3350 tantum

368 3396 535 3489 probatur
549 3397 640 3488 quod
656 3396 691 3464 iu
702 3395 888 3486 prooemiis
905 3397 1119 3466 Coronarum
1137 3397 1282 3467 Archias
1302 3399 1506 3467 nominatim
1520 3421 1591 3466 non

370 3513 514 3597 citarum
542 3511 655 3603 potuit
679 3512 769 3579 enim
794 3511 883 3579 inter
906 3523 1038 3581 ceteros
1060 3513 1233 3603 designari
1253 3514 1308 3582 his
1326 3514 1465 3583 verbis:
1489 3523 1591 3587 ἄλλων

369 3627 395 3699 τ’
410 3637 491 3718 ἔρνεα
503 3631 600 3697 πολλὰ
609 3636 754 3716 νεόγραφα
767 3626 791 3699 ³.
806 3627 880 3694 vel:
897 3635 1134 3710 συνεπιπλεκτοὺς
1143 3636 1176 3699 δὲ
1185 3641 1332 3720 περισσούς
1344 3631 1369 3698 ⁸.
1383 3631 1490 3699 Adest
1500 3627 1593 3700 aliud

371 3744 564 3835 certiusque
582 3749 838 3833 argumentum.
857 3743 996 3814 Scilicet
1011 3743 1047 3812 iu
1071 3745 1124 3812 his
1144 3745 1318 3814 veteribus
1343 3745 1486 3817 Coronis
1514 3770 1594 3816 ccu-

371 3871 438 3930 stat
451 3859 667 3951 singulorum
682 3855 849 3925 librorum
869 3859 1021 3927 carmina
1036 3859 1226 3930 secundum
1244 3861 1446 3954 incipientes
1462 3863 1593 3932 litteras

262 3981 265 3994 “
371 3977 504 4069 digesta
520 3975 648 4050 fuisse;
667 3969 836 4064 Byzantii,
859 3972 966 4042 aliurn
991 3975 1028 4044 in
1051 3985 1122 4060 tcto
1147 3998 1249 4067 opere
1271 3972 1484 4069 disponendo
1502 3975 1594 4046 ordi·

371 4114 451 4160 uem
467 4089 587 4175 secuti,
604 4088 790 4179 particulas
807 4097 923 4158 tamen
947 4110 1033 4181 quas
1049 4113 1090 4158 cx
1115 4091 1286 4183 prioribus
1310 4093 1487 4183 florilegiis
1512 4091 1594 4162 reci·

371 4207 522 4299 piabant,
550 4215 684 4274 servata
707 4213 823 4273 vetere
852 4206 1082 4288 successione,
1108 4205 1179 4274 suis
1207 4207 1449 4278 inseruerunt:
1470 4207 1595 4299 quibus

334 4377 342 4395 .
371 4320 526 4411 vestigiis
542 4319 640 4418 quasi
654 4313 747 4386 ansis
763 4326 911 4404 utentes,
926 4319 991 4389 viri
1008 4319 1098 4390 docti
1116 4343 1187 4390 non
1214 4347 1341 4416 paucas
1357 4335 1511 4394 veterum
1528 4323 1594 4394 Co-

411 4553 434 4601 t.
448 4545 535 4602 Antb.
551 4545 620 4613 rat,
635 4543 683 4609 vl,
701 4543 751 4609 16;
770 4544 900 4601 179-181.

408 4630 434 4682 2.
452 4628 499 4694 lx,
518 4625 607 4678 7204
624 4624 709 4691 ;728.

408 4714 432 4763 3.
452 4705 497 4772 lV,
514 4723 533 4773 1,
547 4721 573 4760 u.
587 4705 635 4759 55.

408 4791 433 4844 l.
450 4785 496 4855 lV,
513 4800 583 4858 11,v.
601 4785 642 4839 13.
