3670 5634
758 622 935 688 ..33-

233 793 375 863 nomine
402 791 607 882 simpliciter
629 792 809 884 inscripta,
827 811 975 881 quorum
993 791 1062 857 duo
1084 789 1175 880 apud
1196 791 1307 860 solum
1332 790 1459 860 Planu-

232 909 324 991 dem,
337 909 470 999 reliqua
479 907 517 974 in
527 907 645 976 codice
655 908 814 976 Palatino
825 907 1001 996 leguntur.
1013 906 1128 974 Etiam
1138 905 1318 975 illaomuia
1330 909 1460 998 (quam-

231 1024 284 1093 vis
302 1023 389 1091 nihil
403 1023 496 1090 iniis
520 1022 813 1090 animadvertatur
826 1021 921 1114 quod
936 1020 1113 1091 Ciceronis
1127 1021 1282 1112 aequalis
1308 1023 1457 1091 scrihere

233 1165 305 1209 non
317 1140 483 1232 potuerit)
502 1163 573 1208 non
588 1140 689 1231 pauci
709 1139 820 1208 critici
844 1138 993 1208 Archiae
1018 1147 1137 1208 nostro
1161 1137 1454 1230 abjudicaverunt,

233 1257 295 1324 sed
318 1256 480 1340 infirmis,
497 1265 537 1324 ut
558 1256 645 1323 mihi
668 1255 816 1338 videtur,
839 1255 1064 1346 argumentis.
1085 1255 1173 1322 Nam
1188 1253 1280 1344 quod
1294 1253 1456 1324 Archiam

215 1395 338 1441 snum
366 1372 485 1442 Cicero
512 1371 692 1464 exquisitis
721 1371 883 1440 laudibus
912 1369 1140 1454 exornaverit,
1169 1369 1456 1462 epigrammatum

233 1511 317 1558 vero
329 1488 465 1556 nullum
480 1487 526 1556 sit
540 1487 625 1578 quin
639 1482 813 1554 mediocre
831 1486 1012 1576 ingenium
1031 1485 1215 1576 significet,
1232 1483 1366 1552 minimi
1382 1508 1456 1552 mo-

234 1601 342 1669 menti
363 1599 560 1670 habendum
583 1611 646 1670 est.
665 1600 845 1692 Siquidem
868 1600 987 1670 Cicero
1009 1599 1045 1666 in
1063 1599 1219 1668 oratione
1241 1622 1306 1690 pro
1329 1599 1457 1669 Archia

234 1740 306 1786 non
328 1717 437 1785 critici
450 1739 592 1801 munus,
610 1716 672 1784 sed
699 1716 890 1785 defensoris
915 1715 1081 1798 exercuit,
1099 1715 1279 1808 potuitque
1294 1716 1390 1784 salva
1403 1739 1458 1784 re-

233 1834 365 1924 ligione
381 1833 552 1901 amicitiae
566 1832 680 1924 magis
693 1854 797 1924 quam
811 1831 945 1900 veritati
959 1831 1150 1900 consulere.
1168 1829 1259 1912 Quid
1277 1830 1367 1921 quod
1383 1853 1457 1898 ma-

232 1951 309 2038 jora
322 1949 432 2017 nostri
445 1948 598 2016 carmina
610 1947 685 2016 istis
702 1947 835 2016 lusihus
846 1947 993 2016 meliora
1010 1945 1157 2014 fuerint?
1173 1945 1254 2037 quid
1272 1946 1364 2036 quod
1377 1945 1456 2036 (nisi

235 2064 351 2154 fallor)
375 2064 507 2154 optima
529 2064 678 2133 Archiae
704 2086 792 2155 quae
817 2063 978 2131 dicuntur
1010 2062 1257 2154 epigrammata
1279 2060 1459 2130 heroicum

236 2180 418 2271 quemdam
430 2201 598 2270 χαρακτῆρα
610 2203 690 2272 prae
702 2203 739 2248 se
749 2179 1015 2262 lerrevidentur,
1028 2178 1119 2246 ande
1133 2177 1335 2247 concludere
1346 2179 1458 2271 possis

236 2296 371 2387 epicum
386 2319 427 2364 ca
445 2296 624 2387 scripsisse
646 2298 804 2386 poetam?
826 2293 925 2376 Quod
947 2317 1068 2385 genus,
1094 2315 1181 2384 quae
1205 2293 1400 2386 composuit
1419 2295 1459 2361 In

237 2435 361 2502 aprum
384 2412 623 2502 Calydonium,
648 2415 689 2478 ln
716 2409 897 2479 Herculem
911 2411 1075 2478 Nemeaei
1092 2411 1198 2478 leonis
1221 2411 1393 2490 victorem,
1421 2413 1460 2478 lu

236 2529 380 2617 Ajacem
411 2529 658 2612 Telamonium,
681 2526 868 2596 homericis
894 2526 1085 2611 sententiis,
1102 2526 1229 2609 verbis,
1251 2526 1460 2616 imaginihus

236 2666 379 2735 prorsus
392 2651 534 2712 scatent.
552 2644 730 2712 Accedunt
747 2643 815 2712 duo
840 2643 911 2710 alia
934 2652 1137 2734 argumenta
1163 2642 1288 2734 quibus
1310 2642 1458 2712 maxime

237 2781 311 2826 rem
327 2759 458 2827 absolvi
472 2759 618 2830 confido.
636 2759 791 2827 Primum
816 2759 909 2827 enim
933 2759 969 2826 in
997 2759 1178 2829 Archiacis
1203 2759 1460 2850 epigrammatis

237 2876 344 2944 multa
358 2875 509 2943 themata
521 2875 563 2943 ab
573 2875 752 2968 Antipatro
769 2875 910 2944 Sidonio
924 2875 977 2945 vel
990 2876 1195 2967 excogitata.
1215 2876 1268 2944 vel
1281 2885 1457 2966 occupata,

236 2989 412 3058 retractari
423 2989 582 3058 videmus
596 2993 618 3075 ¹,
636 3012 739 3082 saepe
755 2990 859 3060 etiam
873 2990 1044 3080 Antipatri
1060 2991 1260 3073 sententias,
1277 2991 1458 3082 ipsumque

237 3105 420 3174 verborum
436 3105 592 3174 ordinem
607 3129 647 3175 ac
671 3129 799 3174 nexum
814 3105 1026 3197 exscriptum
1048 3106 1218 3187 invenies,
1243 3106 1292 3174 ita
1315 3115 1364 3191 ut,
1389 3128 1460 3174 non

236 3221 309 3290 sine
328 3243 445 3305 causa,
458 3222 495 3288 in
507 3244 576 3290 uno
588 3223 837 3312 epigrammate
849 3222 1066 3290 inscribendo
1080 3224 1289 3313 compositor
1300 3222 1459 3313 florilegii

235 3337 385 3406 haeserit
403 3349 519 3405 utrum
536 3337 709 3428 Antipatri
734 3360 778 3406 an
792 3338 938 3407 Archiae
954 3360 1082 3428 nomen
1104 3338 1307 3408 inscriberet
1322 3338 1345 3411 ².
1364 3338 1459 3421 Quae

234 3453 319 3522 mihi
347 3462 441 3522 arcta
465 3453 661 3544 conjunctio
684 3463 847 3522 nontam
873 3456 1098 3544 expilatorem
1126 3477 1230 3545 quam
1254 3454 1459 3546 discipulum

234 3591 379 3658 arguere
405 3568 554 3652 videtur,
582 3578 616 3636 et
648 3569 707 3660 qui
738 3593 808 3638 non
837 3569 884 3638 ita
914 3570 1024 3640 multo
1050 3580 1128 3661 post
1161 3570 1367 3660 magistrum
1397 3591 1461 3640 sua

234 3685 431 3754 confecerit.
456 3684 541 3766 Quis
564 3693 681 3754 autem
703 3708 773 3754 non
802 3687 894 3756 videt
915 3688 1004 3755 hanc
1026 3685 1259 3756 definitionem
1281 3687 1408 3777 optima
1424 3686 1460 3754 in

233 3800 503 3869 Antiochensem
523 3801 687 3870 Archiam
704 3802 839 3889 cadere,
856 3826 959 3894 quem
971 3804 1147 3895 juniorem
1170 3802 1342 3893 Antipatri
1359 3825 1458 3872 coae-

233 3935 314 3980 vum
330 3913 437 3981 luisse
461 3923 608 3998 constat,
628 3916 795 4006 cujusque
823 3938 951 3984 nomen
976 3937 1046 3984 nna
1071 3937 1150 3984 cum
1171 3915 1352 4006 Antipatro
1379 3939 1458 3984 oon·

229 4029 389 4119 junctum
410 4038 579 4098 memorat
606 4029 840 4112 Quintilianus
857 4032 889 4098 ³?
906 4032 993 4101 Ecce
1019 4032 1137 4116 altero,
1160 4031 1253 4098 haud
1277 4031 1456 4116 debiliore,

233 4156 436 4234 argumento
454 4167 510 4213 res
525 4145 746 4216 confirmatur
767 4170 774 4216 :
791 4148 938 4217 occurrit
953 4148 1082 4216 scilicet
1095 4148 1184 4215 inter
1199 4147 1366 4218 Archiaca
1381 4170 1458 4240 poe·

232 4272 483 4351 matacurapopt
494 4261 663 4352 quaedam
674 4264 864 4332 carminum
877 4264 1144 4355 ubipervulgata
1155 4263 1327 4346 materies,
1341 4263 1458 4332 multis

233 4388 347 4462 antea,
367 4378 486 4445 multis
513 4387 633 4468 postea
646 4381 756 4470 poetis
786 4379 978 4462 decantata,
1004 4380 1133 4448 scilicet
1158 4378 1325 4448 dedicatio
1351 4381 1456 4448 trium

268 4585 394 4642 lauth.
412 4585 483 4653 eat,
497 4584 545 4654 Vl,
564 4585 608 4654 16,
623 4585 730 4654 tac-81,
746 4585 819 4652 207;
836 4584 883 4654 lX,
897 4583 959 4644 343.

265 4667 293 4720 2.
310 4665 370 4731 Vll,
391 4665 452 4722 165.

268 4747 296 4802 3.
311 4747 380 4801 lust.
397 4749 479 4815 orat,
492 4743 528 4816 X,
542 4761 589 4814 vn,
604 4746 650 4803 19.
