<?xml version="1.0" encoding="UTF-8"?>
<!DOCTYPE html PUBLIC "-//W3C//DTD XHTML 1.0 Transitional//EN"
    "http://www.w3.org/TR/xhtml1/DTD/xhtml1-transitional.dtd">
<html xmlns="http://www.w3.org/1999/xhtml" xml:lang="en" lang="en">
 <head>
  <title>
</title>
<meta http-equiv="Content-Type" content="text/html;charset=utf-8" />
  <meta name='ocr-system' content='tesseract 3.04.00' />
  <meta name='ocr-capabilities' content='ocr_page ocr_carea ocr_par ocr_line ocrx_word'/>
</head>
<body>
  <div class='ocr_page' id='page_1' title='image "./diearchiapoetat01reingoog_0067.png"; bbox 0 0 3670 5634; ppageno 0'>
   <div class='ocr_carea' id='block_1_1' title="bbox 858 625 1034 690">
    <p class='ocr_par' dir='ltr' id='par_1_1' title="bbox 858 625 1034 690">
     <span class='ocr_line' id='line_1_1' title="bbox 858 625 1034 690; baseline -0.057 -11"><span class='ocrx_word' id='word_1_1' title='bbox 858 625 1034 690; x_wconf 79' lang='lat'>..52-</span> 
     </span>
    </p>
   </div>
   <div class='ocr_carea' id='block_1_2' title="bbox 336 767 1564 1242">
    <p class='ocr_par' dir='ltr' id='par_1_2' title="bbox 336 767 1564 1242">
     <span class='ocr_line' id='line_1_2' title="bbox 336 767 1559 896; baseline -0.055 1"><span class='ocrx_word' id='word_1_2' title='bbox 336 842 477 896; x_wconf 80' lang='lat' dir='ltr'>censum</span> <span class='ocrx_word' id='word_1_3' title='bbox 492 812 583 894; x_wconf 90' lang='lat' dir='ltr'>dedi,</span> <span class='ocrx_word' id='word_1_4' title='bbox 595 831 616 876; x_wconf 91' lang='lat' dir='ltr'>a</span> <span class='ocrx_word' id='word_1_5' title='bbox 630 802 728 896; x_wconf 86' lang='lat' dir='ltr'>gravi</span> <span class='ocrx_word' id='word_1_6' title='bbox 743 791 945 890; x_wconf 92' lang='lat' dir='ltr'>philosopho</span> <span class='ocrx_word' id='word_1_7' title='bbox 956 787 1093 863; x_wconf 89' lang='lat' dir='ltr'>relatas,</span> <span class='ocrx_word' id='word_1_8' title='bbox 1108 778 1193 848; x_wconf 92' lang='lat' dir='ltr'>adeo</span> <span class='ocrx_word' id='word_1_9' title='bbox 1205 772 1415 862; x_wconf 85' lang='lat' dir='ltr'>excogitatas</span> <span class='ocrx_word' id='word_1_10' title='bbox 1426 767 1559 836; x_wconf 83' lang='lat' dir='ltr'>fuisset</span> 
     </span>
     <span class='ocr_line' id='line_1_3' title="bbox 336 890 1561 1023; baseline -0.053 -13"><span class='ocrx_word' id='word_1_11' title='bbox 336 943 451 1013; x_wconf 92' lang='lat' dir='ltr'>Unum</span> <span class='ocrx_word' id='word_1_12' title='bbox 473 931 579 1023; x_wconf 84' lang='lat' dir='ltr'>igitur</span> <span class='ocrx_word' id='word_1_13' title='bbox 599 929 717 1002; x_wconf 89' lang='lat' dir='ltr'>restat,</span> <span class='ocrx_word' id='word_1_14' title='bbox 730 923 770 983; x_wconf 90' lang='lat' dir='ltr'>ut</span> <span class='ocrx_word' id='word_1_15' title='bbox 779 911 820 981; x_wconf 95' lang='lat' dir='ltr'>ad</span> <span class='ocrx_word' id='word_1_16' title='bbox 836 905 1008 1000; x_wconf 90' lang='lat' dir='ltr'>poeticum</span> <span class='ocrx_word' id='word_1_17' title='bbox 1021 897 1172 988; x_wconf 85' lang='lat' dir='ltr'>aliquem</span> <span class='ocrx_word' id='word_1_18' title='bbox 1186 890 1313 959; x_wconf 94' lang='lat' dir='ltr'>librum</span> <span class='ocrx_word' id='word_1_19' title='bbox 1329 903 1561 982; x_wconf 48' lang='lat' dir='ltr'>recurramus,</span> 
     </span>
     <span class='ocr_line' id='line_1_4' title="bbox 338 997 1563 1150; baseline -0.052 -25"><span class='ocrx_word' id='word_1_20' title='bbox 338 1076 439 1150; x_wconf 90' lang='lat' dir='ltr'>quem</span> <span class='ocrx_word' id='word_1_21' title='bbox 458 1039 628 1140; x_wconf 80' lang='lat' dir='ltr'>ejusmodi</span> <span class='ocrx_word' id='word_1_22' title='bbox 648 1037 786 1103; x_wconf 91' lang='lat' dir='ltr'>inventa</span> <span class='ocrx_word' id='word_1_23' title='bbox 799 1048 870 1094; x_wconf 91' lang='lat' dir='ltr'>non</span> <span class='ocrx_word' id='word_1_24' title='bbox 880 1020 1064 1090; x_wconf 92' lang='lat' dir='ltr'>modcncn</span> <span class='ocrx_word' id='word_1_25' title='bbox 1078 1005 1440 1089; x_wconf 88' lang='lat' dir='ltr'>dedecuerint,verum</span> <span class='ocrx_word' id='word_1_26' title='bbox 1459 997 1563 1066; x_wconf 86' lang='lat' dir='ltr'>etiam</span> 
     </span>
     <span class='ocr_line' id='line_1_5' title="bbox 340 1114 1564 1242; baseline -0.052 -1"><span class='ocrx_word' id='word_1_27' title='bbox 340 1160 586 1242; x_wconf 85' lang='lat' dir='ltr'>decoraveriut.</span> <span class='ocrx_word' id='word_1_28' title='bbox 615 1153 714 1222; x_wconf 86' lang='lat' dir='ltr'>Hunc</span> <span class='ocrx_word' id='word_1_29' title='bbox 738 1163 861 1236; x_wconf 86' lang='lat' dir='ltr'>graeco</span> <span class='ocrx_word' id='word_1_30' title='bbox 888 1154 1059 1215; x_wconf 81' lang='lat' dir='ltr'>sermone,</span> <span class='ocrx_word' id='word_1_31' title='bbox 1081 1126 1176 1218; x_wconf 90' lang='lat' dir='ltr'>epico</span> <span class='ocrx_word' id='word_1_32' title='bbox 1199 1131 1309 1190; x_wconf 89' lang='lat' dir='ltr'>metro</span> <span class='ocrx_word' id='word_1_33' title='bbox 1331 1114 1564 1205; x_wconf 91' lang='lat' dir='ltr'>conscriptum</span> 
     </span>
    </p>
   </div>
   <div class='ocr_carea' id='block_1_3' title="bbox 340 1241 1564 1484">
    <p class='ocr_par' dir='ltr' id='par_1_3' title="bbox 340 1241 1564 1484">
     <span class='ocr_line' id='line_1_6' title="bbox 340 1241 1564 1356; baseline -0.052 0"><span class='ocrx_word' id='word_1_34' title='bbox 340 1287 445 1356; x_wconf 83' lang='lat' dir='ltr'>luisse</span> <span class='ocrx_word' id='word_1_35' title='bbox 462 1285 608 1347; x_wconf 89' lang='lat' dir='ltr'>testatur</span> <span class='ocrx_word' id='word_1_36' title='bbox 624 1288 714 1336; x_wconf 92' lang='lat' dir='ltr'>unus</span> <span class='ocrx_word' id='word_1_37' title='bbox 730 1279 864 1340; x_wconf 89' lang='lat' dir='ltr'>versus,</span> <span class='ocrx_word' id='word_1_38' title='bbox 893 1249 985 1320; x_wconf 88' lang='lat' dir='ltr'>felici</span> <span class='ocrx_word' id='word_1_39' title='bbox 1008 1244 1157 1336; x_wconf 90' lang='lat' dir='ltr'>quodam</span> <span class='ocrx_word' id='word_1_40' title='bbox 1183 1261 1266 1308; x_wconf 91' lang='lat' dir='ltr'>casu</span> <span class='ocrx_word' id='word_1_41' title='bbox 1295 1258 1338 1302; x_wconf 80' lang='lat' dir='ltr'>ex</span> <span class='ocrx_word' id='word_1_42' title='bbox 1362 1241 1434 1300; x_wconf 92' lang='lat' dir='ltr'>toto</span> <span class='ocrx_word' id='word_1_43' title='bbox 1461 1249 1564 1320; x_wconf 89' lang='lat' dir='ltr'>opere</span> 
     </span>
     <span class='ocr_line' id='line_1_7' title="bbox 342 1345 1563 1484; baseline -0.051 -14"><span class='ocrx_word' id='word_1_44' title='bbox 342 1401 435 1470; x_wconf 90' lang='lat' dir='ltr'>solus</span> <span class='ocrx_word' id='word_1_45' title='bbox 451 1397 637 1484; x_wconf 89' lang='lat' dir='ltr'>superstes,</span> <span class='ocrx_word' id='word_1_46' title='bbox 649 1382 679 1450; x_wconf 89' lang='lat' dir='ltr'>is</span> <span class='ocrx_word' id='word_1_47' title='bbox 693 1376 822 1448; x_wconf 89' lang='lat' dir='ltr'>scilicet</span> <span class='ocrx_word' id='word_1_48' title='bbox 835 1393 902 1463; x_wconf 94' lang='lat' dir='ltr'>quo</span> <span class='ocrx_word' id='word_1_49' title='bbox 913 1364 1003 1458; x_wconf 89' lang='lat' dir='ltr'>apud</span> <span class='ocrx_word' id='word_1_50' title='bbox 1014 1358 1235 1430; x_wconf 78' lang='lat' dir='ltr'><strong>Plutarchum</strong></span> <span class='ocrx_word' id='word_1_51' title='bbox 1245 1353 1363 1420; x_wconf 88' lang='lat' dir='ltr'>Venus</span> <span class='ocrx_word' id='word_1_52' title='bbox 1378 1345 1563 1416; x_wconf 83' lang='lat' dir='ltr'><strong>Lucullum</strong></span> 
     </span>
    </p>
   </div>
   <div class='ocr_carea' id='block_1_4' title="bbox 342 1491 868 1585">
    <p class='ocr_par' dir='ltr' id='par_1_4' title="bbox 342 1491 868 1585">
     <span class='ocr_line' id='line_1_8' title="bbox 342 1491 868 1585; baseline -0.061 0"><span class='ocrx_word' id='word_1_53' title='bbox 342 1515 398 1585; x_wconf 92' lang='lat' dir='ltr'>llii</span> <span class='ocrx_word' id='word_1_54' title='bbox 415 1507 641 1581; x_wconf 81' lang='lat' dir='ltr'>dormientem</span> <span class='ocrx_word' id='word_1_55' title='bbox 657 1491 842 1584; x_wconf 78' lang='lat' dir='ltr'><strong>alloquitur</strong></span> <span class='ocrx_word' id='word_1_56' title='bbox 860 1509 868 1555; x_wconf 75' lang='grc' dir='ltr'>ε</span> 
     </span>
    </p>
   </div>
   <div class='ocr_carea' id='block_1_5' title="bbox 551 1650 1345 1756">
    <p class='ocr_par' dir='ltr' id='par_1_5' title="bbox 551 1650 1345 1756">
     <span class='ocr_line' id='line_1_9' title="bbox 551 1650 1345 1756; baseline -0.048 -5"><span class='ocrx_word' id='word_1_57' title='bbox 551 1691 578 1752; x_wconf 84' lang='grc' dir='ltr'>τί</span> <span class='ocrx_word' id='word_1_58' title='bbox 595 1681 740 1756; x_wconf 74' lang='grc' dir='ltr'><strong>κνώσσεις,</strong></span> <span class='ocrx_word' id='word_1_59' title='bbox 755 1673 899 1756; x_wconf 80' lang='grc' dir='ltr'>μεγάθυμε</span> <span class='ocrx_word' id='word_1_60' title='bbox 912 1670 996 1734; x_wconf 59' lang='lat' dir='ltr'>hiem</span> <span class='ocrx_word' id='word_1_61' title='bbox 1013 1665 1105 1744; x_wconf 75' lang='grc' dir='ltr'>νὲὀροι</span> <span class='ocrx_word' id='word_1_62' title='bbox 1119 1661 1150 1720; x_wconf 73' lang='grc' dir='ltr'>δέ</span> <span class='ocrx_word' id='word_1_63' title='bbox 1164 1681 1206 1719; x_wconf 79' lang='grc' dir='ltr'>τοι</span> <span class='ocrx_word' id='word_1_64' title='bbox 1224 1655 1311 1738; x_wconf 75' lang='grc' dir='ltr'>ἐγγύς</span> <span class='ocrx_word' id='word_1_65' title='bbox 1322 1650 1345 1713; x_wconf 83' lang='lat'>¹.</span> 
     </span>
    </p>
   </div>
   <div class='ocr_carea' id='block_1_6' title="bbox 348 1931 1571 2174">
    <p class='ocr_par' dir='ltr' id='par_1_6' title="bbox 348 1931 1571 2174">
     <span class='ocr_line' id='line_1_10' title="bbox 348 1931 1571 2068; baseline -0.05 -9"><span class='ocrx_word' id='word_1_66' title='bbox 348 1985 524 2062; x_wconf 81' lang='lat' dir='ltr'>Archiam,</span> <span class='ocrx_word' id='word_1_67' title='bbox 541 1973 633 2068; x_wconf 92' lang='lat' dir='ltr'>quod</span> <span class='ocrx_word' id='word_1_68' title='bbox 648 1967 789 2044; x_wconf 90' lang='lat' dir='ltr'>scimus,</span> <span class='ocrx_word' id='word_1_69' title='bbox 810 1952 993 2045; x_wconf 80' lang='lat' dir='ltr'>scripserit,</span> <span class='ocrx_word' id='word_1_70' title='bbox 1007 1953 1147 2038; x_wconf 88' lang='lat' dir='ltr'>apparet</span> <span class='ocrx_word' id='word_1_71' title='bbox 1161 1939 1319 2034; x_wconf 84' lang='lat' dir='ltr'>prodigia</span> <span class='ocrx_word' id='word_1_72' title='bbox 1332 1958 1420 2028; x_wconf 90' lang='lat' dir='ltr'>quae</span> <span class='ocrx_word' id='word_1_73' title='bbox 1437 1935 1472 2001; x_wconf 95' lang='lat' dir='ltr'>in</span> <span class='ocrx_word' id='word_1_74' title='bbox 1490 1931 1571 2000; x_wconf 93' lang='lat' dir='ltr'>Plu-</span> 
     </span>
     <span class='ocr_line' id='line_1_11' title="bbox 350 2048 1568 2174; baseline -0.048 -2"><span class='ocrx_word' id='word_1_75' title='bbox 350 2099 455 2174; x_wconf 91' lang='lat' dir='ltr'>tarchi</span> <span class='ocrx_word' id='word_1_76' title='bbox 480 2091 621 2165; x_wconf 85' lang='lat' dir='ltr'>Lucullo</span> <span class='ocrx_word' id='word_1_77' title='bbox 644 2087 807 2174; x_wconf 86' lang='lat' dir='ltr'>leguntur</span> <span class='ocrx_word' id='word_1_78' title='bbox 827 2069 944 2143; x_wconf 91' lang='lat' dir='ltr'>omnia</span> <span class='ocrx_word' id='word_1_79' title='bbox 962 2089 1004 2133; x_wconf 84' lang='lat' dir='ltr'>ex</span> <span class='ocrx_word' id='word_1_80' title='bbox 1024 2060 1169 2130; x_wconf 88' lang='lat' dir='ltr'>Archiae</span> <span class='ocrx_word' id='word_1_81' title='bbox 1193 2055 1301 2126; x_wconf 78' lang='lat' dir='ltr'>nostri</span> <span class='ocrx_word' id='word_1_82' title='bbox 1325 2048 1568 2121; x_wconf 78' lang='lat' dir='ltr'>Mithridaticis</span> 
     </span>
    </p>
   </div>
   <div class='ocr_carea' id='block_1_7' title="bbox 350 2205 695 2307">
    <p class='ocr_par' dir='ltr' id='par_1_7' title="bbox 350 2205 695 2307">
     <span class='ocr_line' id='line_1_12' title="bbox 350 2205 695 2307; baseline -0.067 -17"><span class='ocrx_word' id='word_1_83' title='bbox 350 2217 521 2307; x_wconf 86' lang='lat' dir='ltr'>originem</span> <span class='ocrx_word' id='word_1_84' title='bbox 536 2205 695 2277; x_wconf 82' lang='lat' dir='ltr'>traxisse.</span> 
     </span>
    </p>
   </div>
   <div class='ocr_carea' id='block_1_8' title="bbox 355 2401 1597 4385">
    <p class='ocr_par' dir='ltr' id='par_1_8' title="bbox 355 2401 1597 4385">
     <span class='ocr_line' id='line_1_13' title="bbox 395 2401 1576 2517; baseline -0.045 1"><span class='ocrx_word' id='word_1_85' title='bbox 395 2447 473 2517; x_wconf 85' lang='lat' dir='ltr'>XX.</span> <span class='ocrx_word' id='word_1_86' title='bbox 499 2442 608 2510; x_wconf 89' lang='lat' dir='ltr'>Nemo</span> <span class='ocrx_word' id='word_1_87' title='bbox 638 2427 816 2500; x_wconf 90' lang='lat' dir='ltr'>mirabitur</span> <span class='ocrx_word' id='word_1_88' title='bbox 840 2417 985 2490; x_wconf 90' lang='lat' dir='ltr'>Archiae</span> <span class='ocrx_word' id='word_1_89' title='bbox 1014 2431 1151 2481; x_wconf 89' lang='lat' dir='ltr'>carmen</span> <span class='ocrx_word' id='word_1_90' title='bbox 1184 2403 1367 2476; x_wconf 79' lang='lat' dir='ltr'>Plutarcho</span> <span class='ocrx_word' id='word_1_91' title='bbox 1392 2401 1427 2469; x_wconf 94' lang='lat' dir='ltr'>in</span> <span class='ocrx_word' id='word_1_92' title='bbox 1451 2420 1576 2468; x_wconf 89' lang='lat' dir='ltr'>manus</span> 
     </span>
     <span class='ocr_line' id='line_1_14' title="bbox 355 2516 1578 2646; baseline -0.045 -11"><span class='ocrx_word' id='word_1_93' title='bbox 355 2565 502 2644; x_wconf 89' lang='lat' dir='ltr'>venisse,</span> <span class='ocrx_word' id='word_1_94' title='bbox 532 2553 591 2646; x_wconf 91' lang='lat' dir='ltr'>qui</span> <span class='ocrx_word' id='word_1_95' title='bbox 615 2542 808 2617; x_wconf 91' lang='lat' dir='ltr'>meminerit</span> <span class='ocrx_word' id='word_1_96' title='bbox 836 2558 938 2630; x_wconf 87' lang='lat' dir='ltr'>quam</span> <span class='ocrx_word' id='word_1_97' title='bbox 963 2529 1081 2600; x_wconf 91' lang='lat' dir='ltr'>sedulo</span> <span class='ocrx_word' id='word_1_98' title='bbox 1105 2535 1225 2616; x_wconf 89' lang='lat' dir='ltr'>poetas</span> <span class='ocrx_word' id='word_1_99' title='bbox 1247 2522 1305 2589; x_wconf 92' lang='lat' dir='ltr'>ille</span> <span class='ocrx_word' id='word_1_100' title='bbox 1325 2516 1528 2587; x_wconf 90' lang='lat' dir='ltr'>lectitaverit</span> <span class='ocrx_word' id='word_1_101' title='bbox 1543 2524 1578 2582; x_wconf 90' lang='lat' dir='ltr'>et</span> 
     </span>
     <span class='ocr_line' id='line_1_15' title="bbox 356 2631 1576 2752; baseline -0.045 -1"><span class='ocrx_word' id='word_1_102' title='bbox 356 2681 604 2752; x_wconf 88' lang='lat' dir='ltr'>commentatus</span> <span class='ocrx_word' id='word_1_103' title='bbox 621 2665 677 2748; x_wconf 90' lang='lat' dir='ltr'>sit,</span> <span class='ocrx_word' id='word_1_104' title='bbox 694 2666 821 2752; x_wconf 89' lang='lat' dir='ltr'>quanta</span> <span class='ocrx_word' id='word_1_105' title='bbox 835 2653 961 2744; x_wconf 88' lang='lat' dir='ltr'>pietate</span> <span class='ocrx_word' id='word_1_106' title='bbox 979 2646 1178 2716; x_wconf 86' lang='lat' dir='ltr'>Ciceronem</span> <span class='ocrx_word' id='word_1_107' title='bbox 1193 2635 1436 2726; x_wconf 85' lang='lat' dir='ltr'>Ciceronisque</span> <span class='ocrx_word' id='word_1_108' title='bbox 1448 2631 1576 2700; x_wconf 88' lang='lat' dir='ltr'>amicos</span> 
     </span>
     <span class='ocr_line' id='line_1_16' title="bbox 357 2749 1575 2887; baseline -0.044 -21"><span class='ocrx_word' id='word_1_109' title='bbox 357 2798 401 2866; x_wconf 90' lang='lat' dir='ltr'>sit</span> <span class='ocrx_word' id='word_1_110' title='bbox 415 2793 629 2887; x_wconf 87' lang='lat' dir='ltr'>prosecutus.</span> <span class='ocrx_word' id='word_1_111' title='bbox 649 2777 685 2850; x_wconf 91' lang='lat' dir='ltr'>Si</span> <span class='ocrx_word' id='word_1_112' title='bbox 700 2775 755 2844; x_wconf 94' lang='lat' dir='ltr'>cui</span> <span class='ocrx_word' id='word_1_113' title='bbox 778 2783 895 2840; x_wconf 89' lang='lat' dir='ltr'>tamen</span> <span class='ocrx_word' id='word_1_114' title='bbox 908 2760 1133 2834; x_wconf 86' lang='lat' dir='ltr'>offensionem</span> <span class='ocrx_word' id='word_1_115' title='bbox 1148 2763 1285 2824; x_wconf 89' lang='lat' dir='ltr'>moveat</span> <span class='ocrx_word' id='word_1_116' title='bbox 1305 2750 1397 2844; x_wconf 91' lang='lat' dir='ltr'>quud</span> <span class='ocrx_word' id='word_1_117' title='bbox 1412 2749 1575 2830; x_wconf 86' lang='lat' dir='ltr'>carmine,</span> 
     </span>
     <span class='ocr_line' id='line_1_17' title="bbox 357 2863 1580 3002; baseline -0.042 -20"><span class='ocrx_word' id='word_1_118' title='bbox 357 2915 393 2982; x_wconf 94' lang='lat' dir='ltr'>in</span> <span class='ocrx_word' id='word_1_119' title='bbox 407 2906 504 3002; x_wconf 84' lang='lat' dir='ltr'>gravi</span> <span class='ocrx_word' id='word_1_120' title='bbox 520 2897 662 2970; x_wconf 90' lang='lat' dir='ltr'>historia</span> <span class='ocrx_word' id='word_1_121' title='bbox 677 2883 923 2981; x_wconf 91' lang='lat' dir='ltr'>componenda,</span> <span class='ocrx_word' id='word_1_122' title='bbox 933 2900 1016 2950; x_wconf 89' lang='lat' dir='ltr'>usus</span> <span class='ocrx_word' id='word_1_123' title='bbox 1030 2875 1086 2959; x_wconf 90' lang='lat' dir='ltr'>sit,</span> <span class='ocrx_word' id='word_1_124' title='bbox 1102 2884 1202 2964; x_wconf 90' lang='lat' dir='ltr'>atque</span> <span class='ocrx_word' id='word_1_125' title='bbox 1219 2867 1466 2940; x_wconf 87' lang='lat' dir='ltr'>Sallustianam</span> <span class='ocrx_word' id='word_1_126' title='bbox 1478 2863 1580 2932; x_wconf 87' lang='lat' dir='ltr'>fidem</span> 
     </span>
     <span class='ocr_line' id='line_1_18' title="bbox 357 2983 1581 3096; baseline -0.042 0"><span class='ocrx_word' id='word_1_127' title='bbox 357 3020 533 3096; x_wconf 82' lang='lat' dir='ltr'>Archiacis</span> <span class='ocrx_word' id='word_1_128' title='bbox 547 3009 723 3084; x_wconf 88' lang='lat' dir='ltr'>miscuerit</span> <span class='ocrx_word' id='word_1_129' title='bbox 749 2998 964 3078; x_wconf 85' lang='lat' dir='ltr'>commentis,</span> <span class='ocrx_word' id='word_1_130' title='bbox 990 2994 1081 3061; x_wconf 90' lang='lat' dir='ltr'>hunc</span> <span class='ocrx_word' id='word_1_131' title='bbox 1110 2985 1279 3056; x_wconf 86' lang='lat' dir='ltr'>recordari</span> <span class='ocrx_word' id='word_1_132' title='bbox 1298 2983 1425 3076; x_wconf 89' lang='lat' dir='ltr'>jubebo</span> <span class='ocrx_word' id='word_1_133' title='bbox 1443 3003 1581 3050; x_wconf 85' lang='lat' dir='ltr'>omnem</span> 
     </span>
     <span class='ocr_line' id='line_1_19' title="bbox 359 3097 1583 3213; baseline -0.04 0"><span class='ocrx_word' id='word_1_134' title='bbox 359 3135 677 3213; x_wconf 88' lang='lat' dir='ltr'>Plutarchianarum</span> <span class='ocrx_word' id='word_1_135' title='bbox 700 3124 852 3192; x_wconf 81' lang='lat' dir='ltr'>Vitornnr</span> <span class='ocrx_word' id='word_1_136' title='bbox 870 3113 1026 3182; x_wconf 89' lang='lat' dir='ltr'>habitum</span> <span class='ocrx_word' id='word_1_137' title='bbox 1040 3117 1073 3177; x_wconf 91' lang='lat' dir='ltr'>et</span> <span class='ocrx_word' id='word_1_138' title='bbox 1089 3107 1252 3184; x_wconf 89' lang='lat' dir='ltr'>colorem,</span> <span class='ocrx_word' id='word_1_139' title='bbox 1273 3121 1359 3192; x_wconf 88' lang='lat' dir='ltr'>quas</span> <span class='ocrx_word' id='word_1_140' title='bbox 1377 3098 1421 3168; x_wconf 92' lang='lat' dir='ltr'>ad</span> <span class='ocrx_word' id='word_1_141' title='bbox 1444 3097 1583 3165; x_wconf 91' lang='lat' dir='ltr'>lectoris</span> 
     </span>
     <span class='ocr_line' id='line_1_20' title="bbox 361 3211 1582 3328; baseline -0.043 0"><span class='ocrx_word' id='word_1_142' title='bbox 361 3256 649 3328; x_wconf 86' lang='lat' dir='ltr'>oblectamentum</span> <span class='ocrx_word' id='word_1_143' title='bbox 673 3237 784 3327; x_wconf 84' lang='lat' dir='ltr'>magis</span> <span class='ocrx_word' id='word_1_144' title='bbox 811 3252 914 3322; x_wconf 87' lang='lat' dir='ltr'>quam</span> <span class='ocrx_word' id='word_1_145' title='bbox 938 3226 981 3294; x_wconf 92' lang='lat' dir='ltr'>ad</span> <span class='ocrx_word' id='word_1_146' title='bbox 1003 3219 1256 3291; x_wconf 90' lang='lat' dir='ltr'>institutionem</span> <span class='ocrx_word' id='word_1_147' title='bbox 1281 3211 1582 3294; x_wconf 88' lang='lat' dir='ltr'>accommodavit;</span> 
     </span>
     <span class='ocr_line' id='line_1_21' title="bbox 363 3326 1583 3442; baseline -0.043 1"><span class='ocrx_word' id='word_1_148' title='bbox 363 3366 533 3442; x_wconf 89' lang='lat' dir='ltr'>recordari</span> <span class='ocrx_word' id='word_1_149' title='bbox 546 3374 765 3432; x_wconf 91' lang='lat' dir='ltr'>communem</span> <span class='ocrx_word' id='word_1_150' title='bbox 781 3350 955 3417; x_wconf 86' lang='lat' dir='ltr'>rhetorum</span> <span class='ocrx_word' id='word_1_151' title='bbox 972 3334 1268 3416; x_wconf 88' lang='lat' dir='ltr'>consuetudinem,</span> <span class='ocrx_word' id='word_1_152' title='bbox 1284 3329 1409 3421; x_wconf 92' lang='lat' dir='ltr'>quibus</span> <span class='ocrx_word' id='word_1_153' title='bbox 1427 3326 1583 3411; x_wconf 87' lang='lat' dir='ltr'>historia,</span> 
     </span>
     <span class='ocr_line' id='line_1_22' title="bbox 365 3447 1588 3568; baseline -0.041 -9"><span class='ocrx_word' id='word_1_154' title='bbox 365 3499 403 3560; x_wconf 93' lang='lat' dir='ltr'>ut</span> <span class='ocrx_word' id='word_1_155' title='bbox 424 3480 655 3568; x_wconf 90' lang='lat' dir='ltr'>Quintilianus</span> <span class='ocrx_word' id='word_1_156' title='bbox 687 3471 769 3550; x_wconf 84' lang='lat' dir='ltr'>ait&#39;,</span> <span class='ocrx_word' id='word_1_157' title='bbox 800 3462 886 3532; x_wconf 90' lang='lat' dir='ltr'>nihil</span> <span class='ocrx_word' id='word_1_158' title='bbox 919 3455 1011 3527; x_wconf 88' lang='lat' dir='ltr'>aliud</span> <span class='ocrx_word' id='word_1_159' title='bbox 1040 3473 1191 3544; x_wconf 91' lang='lat' dir='ltr'>unquam</span> <span class='ocrx_word' id='word_1_160' title='bbox 1223 3447 1289 3516; x_wconf 85' lang='lat' dir='ltr'>fuit</span> <span class='ocrx_word' id='word_1_161' title='bbox 1318 3468 1422 3538; x_wconf 89' lang='lat' dir='ltr'>quam</span> <span class='ocrx_word' id='word_1_162' title='bbox 1451 3465 1588 3512; x_wconf 85' lang='lat' dir='ltr'>carmen</span> 
     </span>
     <span class='ocr_line' id='line_1_23' title="bbox 364 3557 1588 3680; baseline -0.04 -5"><span class='ocrx_word' id='word_1_163' title='bbox 364 3605 525 3676; x_wconf 83' lang='lat' dir='ltr'>solutum.</span> <span class='ocrx_word' id='word_1_164' title='bbox 552 3595 607 3663; x_wconf 88' lang='lat' dir='ltr'>Sic</span> <span class='ocrx_word' id='word_1_165' title='bbox 631 3591 704 3680; x_wconf 89' lang='lat' dir='ltr'>ipse</span> <span class='ocrx_word' id='word_1_166' title='bbox 728 3581 915 3660; x_wconf 81' lang='lat' dir='ltr'>Lucienus,</span> <span class='ocrx_word' id='word_1_167' title='bbox 938 3594 1016 3642; x_wconf 89' lang='lat' dir='ltr'>oum</span> <span class='ocrx_word' id='word_1_168' title='bbox 1043 3566 1248 3637; x_wconf 87' lang='lat' dir='ltr'>describeret</span> <span class='ocrx_word' id='word_1_169' title='bbox 1274 3560 1432 3632; x_wconf 81' lang='lat' dir='ltr'>Antiochi</span> <span class='ocrx_word' id='word_1_170' title='bbox 1459 3557 1588 3628; x_wconf 90' lang='lat' dir='ltr'>Soteris</span> 
     </span>
     <span class='ocr_line' id='line_1_24' title="bbox 367 3673 1590 3792; baseline -0.042 -1"><span class='ocrx_word' id='word_1_171' title='bbox 367 3723 532 3792; x_wconf 84' lang='lat' dir='ltr'>adversus</span> <span class='ocrx_word' id='word_1_172' title='bbox 551 3707 666 3779; x_wconf 86' lang='lat' dir='ltr'>Gallos</span> <span class='ocrx_word' id='word_1_173' title='bbox 681 3700 850 3772; x_wconf 90' lang='lat' dir='ltr'>celebrem</span> <span class='ocrx_word' id='word_1_174' title='bbox 865 3711 1030 3783; x_wconf 85' lang='lat' dir='ltr'>pugnam,</span> <span class='ocrx_word' id='word_1_175' title='bbox 1049 3683 1228 3753; x_wconf 90' lang='lat' dir='ltr'>heroicum</span> <span class='ocrx_word' id='word_1_176' title='bbox 1244 3701 1382 3748; x_wconf 88' lang='lat' dir='ltr'>carmen</span> <span class='ocrx_word' id='word_1_177' title='bbox 1402 3673 1590 3746; x_wconf 88' lang='lat' dir='ltr'>Simonidis</span> 
     </span>
     <span class='ocr_line' id='line_1_25' title="bbox 368 3793 1589 3926; baseline -0.04 -19"><span class='ocrx_word' id='word_1_178' title='bbox 368 3831 538 3926; x_wconf 84' lang='lat' dir='ltr'>Magnetis</span> <span class='ocrx_word' id='word_1_179' title='bbox 564 3818 715 3917; x_wconf 90' lang='lat' dir='ltr'>pedestri</span> <span class='ocrx_word' id='word_1_180' title='bbox 738 3831 896 3883; x_wconf 86' lang='lat' dir='ltr'>sermone</span> <span class='ocrx_word' id='word_1_181' title='bbox 921 3801 1111 3874; x_wconf 89' lang='lat' dir='ltr'>reddidisse</span> <span class='ocrx_word' id='word_1_182' title='bbox 1127 3797 1296 3867; x_wconf 87' lang='lat' dir='ltr'>videtur³.</span> <span class='ocrx_word' id='word_1_183' title='bbox 1320 3793 1483 3863; x_wconf 83' lang='lat' dir='ltr'>Archiam</span> <span class='ocrx_word' id='word_1_184' title='bbox 1507 3812 1589 3860; x_wconf 89' lang='lat' dir='ltr'>vero</span> 
     </span>
     <span class='ocr_line' id='line_1_26' title="bbox 369 3910 1591 4031; baseline -0.041 -8"><span class='ocrx_word' id='word_1_185' title='bbox 369 3952 500 4023; x_wconf 84' lang='lat' dir='ltr'>cariore</span> <span class='ocrx_word' id='word_1_186' title='bbox 511 3965 581 4013; x_wconf 78' lang='lat' dir='ltr'>rein</span> <span class='ocrx_word' id='word_1_187' title='bbox 588 3930 829 4031; x_wconf 84' lang='lat' dir='ltr'>prodipiuliter</span> <span class='ocrx_word' id='word_1_188' title='bbox 844 3945 947 3992; x_wconf 82' lang='lat' dir='ltr'>onom</span> <span class='ocrx_word' id='word_1_189' title='bbox 958 3924 1173 3999; x_wconf 88' lang='lat' dir='ltr'>conatum,ut</span> <span class='ocrx_word' id='word_1_190' title='bbox 1186 3910 1510 3996; x_wconf 84' lang='lat' dir='ltr'>excusem,verbum</span> <span class='ocrx_word' id='word_1_191' title='bbox 1521 3931 1591 3976; x_wconf 94' lang='lat' dir='ltr'>non</span> 
     </span>
     <span class='ocr_line' id='line_1_27' title="bbox 371 4024 1593 4162; baseline -0.041 -23"><span class='ocrx_word' id='word_1_192' title='bbox 371 4067 511 4162; x_wconf 86' lang='lat' dir='ltr'>perdam</span> <span class='ocrx_word' id='word_1_193' title='bbox 530 4083 538 4144; x_wconf 82' lang='lat'>3</span> <span class='ocrx_word' id='word_1_194' title='bbox 556 4064 647 4126; x_wconf 91' lang='lat' dir='ltr'>recte</span> <span class='ocrx_word' id='word_1_195' title='bbox 669 4049 774 4132; x_wconf 88' lang='lat' dir='ltr'>enim,</span> <span class='ocrx_word' id='word_1_196' title='bbox 796 4042 859 4112; x_wconf 91' lang='lat' dir='ltr'>etsi</span> <span class='ocrx_word' id='word_1_197' title='bbox 881 4037 1045 4118; x_wconf 90' lang='lat' dir='ltr'>inllatius,</span> <span class='ocrx_word' id='word_1_198' title='bbox 1076 4029 1303 4100; x_wconf 85' lang='lat' dir='ltr'>Petronianus</span> <span class='ocrx_word' id='word_1_199' title='bbox 1325 4027 1382 4095; x_wconf 96' lang='lat' dir='ltr'>ille</span> <span class='ocrx_word' id='word_1_200' title='bbox 1403 4024 1593 4115; x_wconf 86' lang='lat' dir='ltr'>Eumolpus</span> 
     </span>
     <span class='ocr_line' id='line_1_28' title="bbox 373 4141 1592 4274; baseline -0.041 -18"><span class='ocrx_word' id='word_1_201' title='bbox 373 4188 414 4256; x_wconf 89' lang='lat' dir='ltr'>de</span> <span class='ocrx_word' id='word_1_202' title='bbox 439 4179 544 4274; x_wconf 90' lang='lat' dir='ltr'>epicis</span> <span class='ocrx_word' id='word_1_203' title='bbox 562 4165 771 4244; x_wconf 87' lang='lat' dir='ltr'>carminibus</span> <span class='ocrx_word' id='word_1_204' title='bbox 786 4160 823 4228; x_wconf 91' lang='lat' dir='ltr'>in</span> <span class='ocrx_word' id='word_1_205' title='bbox 838 4153 1002 4226; x_wconf 91' lang='lat' dir='ltr'>historico</span> <span class='ocrx_word' id='word_1_206' title='bbox 1022 4154 1226 4239; x_wconf 83' lang='lat' dir='ltr'>argumento</span> <span class='ocrx_word' id='word_1_207' title='bbox 1248 4141 1371 4234; x_wconf 88' lang='lat' dir='ltr'>positis</span> <span class='ocrx_word' id='word_1_208' title='bbox 1387 4141 1436 4208; x_wconf 87' lang='lat' dir='ltr'>ita</span> <span class='ocrx_word' id='word_1_209' title='bbox 1450 4146 1568 4208; x_wconf 88' lang='lat' dir='ltr'>censet</span> <span class='ocrx_word' id='word_1_210' title='bbox 1584 4159 1592 4206; x_wconf 90' lang='lat'>:</span> 
     </span>
     <span class='ocr_line' id='line_1_29' title="bbox 372 4253 1597 4385; baseline -0.041 -13"><span class='ocrx_word' id='word_1_211' title='bbox 372 4307 446 4374; x_wconf 90' lang='lat' dir='ltr'>Non</span> <span class='ocrx_word' id='word_1_212' title='bbox 455 4319 507 4366; x_wconf 82' lang='lat' dir='ltr'>res</span> <span class='ocrx_word' id='word_1_213' title='bbox 520 4303 631 4385; x_wconf 70' lang='lat' dir='ltr'>pestere</span> <span class='ocrx_word' id='word_1_214' title='bbox 646 4280 792 4352; x_wconf 81' lang='lat' dir='ltr'>versibus</span> <span class='ocrx_word' id='word_1_215' title='bbox 810 4264 1140 4366; x_wconf 81' lang='lat' dir='ltr'>comprehendendae</span> <span class='ocrx_word' id='word_1_216' title='bbox 1154 4272 1234 4329; x_wconf 84' lang='lat' dir='ltr'>sunt</span> <span class='ocrx_word' id='word_1_217' title='bbox 1248 4256 1354 4350; x_wconf 83' lang='lat' dir='ltr'>(quod</span> <span class='ocrx_word' id='word_1_218' title='bbox 1366 4255 1462 4346; x_wconf 83' lang='lat' dir='ltr'>lonpe</span> <span class='ocrx_word' id='word_1_219' title='bbox 1476 4253 1597 4322; x_wconf 83' lang='lat' dir='ltr'>melius</span> 
     </span>
    </p>
   </div>
   <div class='ocr_carea' id='block_1_9' title="bbox 375 4480 1598 4680">
    <p class='ocr_par' dir='ltr' id='par_1_9' title="bbox 375 4480 1598 4680">
     <span class='ocr_line' id='line_1_30' title="bbox 410 4480 1598 4592; baseline -0.045 -4"><span class='ocrx_word' id='word_1_220' title='bbox 410 4536 435 4589; x_wconf 91' lang='grc'>1.</span> <span class='ocrx_word' id='word_1_221' title='bbox 456 4528 542 4592; x_wconf 82' lang='lat' dir='ltr'>Plut,</span> <span class='ocrx_word' id='word_1_222' title='bbox 563 4526 642 4584; x_wconf 79' lang='lat' dir='ltr'>Luc,</span> <span class='ocrx_word' id='word_1_223' title='bbox 662 4518 696 4572; x_wconf 89' lang='grc'>12</span> <span class='ocrx_word' id='word_1_224' title='bbox 725 4511 807 4584; x_wconf 79' lang='lat' dir='ltr'>(unde</span> <span class='ocrx_word' id='word_1_225' title='bbox 828 4504 938 4568; x_wconf 86' lang='lat' dir='ltr'>Suidas,</span> <span class='ocrx_word' id='word_1_226' title='bbox 958 4516 980 4556; x_wconf 89' lang='lat' dir='ltr'>s.</span> <span class='ocrx_word' id='word_1_227' title='bbox 1002 4515 1028 4552; x_wconf 91' lang='lat' dir='ltr'>v.</span> <span class='ocrx_word' id='word_1_228' title='bbox 1045 4496 1155 4546; x_wconf 78' lang='grc' dir='ltr'><strong>κνώσσω</strong></span> <span class='ocrx_word' id='word_1_229' title='bbox 1176 4497 1204 4547; x_wconf 84' lang='lat' dir='ltr'>et</span> <span class='ocrx_word' id='word_1_230' title='bbox 1220 4489 1402 4557; x_wconf 78' lang='grc' dir='ltr'>Λούκουλλος;</span> <span class='ocrx_word' id='word_1_231' title='bbox 1418 4485 1504 4543; x_wconf 86' lang='lat' dir='ltr'>Anth.</span> <span class='ocrx_word' id='word_1_232' title='bbox 1524 4480 1598 4548; x_wconf 74' lang='lat' dir='ltr'>rat,</span> 
     </span>
     <span class='ocr_line' id='line_1_31' title="bbox 375 4564 1597 4680; baseline -0.046 -7"><span class='ocrx_word' id='word_1_233' title='bbox 375 4614 468 4680; x_wconf 87' lang='lat' dir='ltr'>Didot,</span> <span class='ocrx_word' id='word_1_234' title='bbox 482 4607 533 4676; x_wconf 88' lang='grc' dir='ltr'><strong>ΙΙΙ,</strong></span> <span class='ocrx_word' id='word_1_235' title='bbox 549 4621 577 4678; x_wconf 90' lang='lat' dir='ltr'>p.</span> <span class='ocrx_word' id='word_1_236' title='bbox 591 4599 665 4670; x_wconf 87' lang='lat'>515).</span> <span class='ocrx_word' id='word_1_237' title='bbox 677 4590 792 4650; x_wconf 87' lang='lat' dir='ltr'>Notabis</span> <span class='ocrx_word' id='word_1_238' title='bbox 807 4585 915 4643; x_wconf 89' lang='lat' dir='ltr'>solitam</span> <span class='ocrx_word' id='word_1_239' title='bbox 927 4578 1043 4637; x_wconf 90' lang='lat' dir='ltr'>Archiae</span> <span class='ocrx_word' id='word_1_240' title='bbox 1058 4571 1238 4650; x_wconf 87' lang='lat' dir='ltr'>posttertium</span> <span class='ocrx_word' id='word_1_241' title='bbox 1253 4569 1410 4626; x_wconf 86' lang='lat' dir='ltr'>trochaeum</span> <span class='ocrx_word' id='word_1_242' title='bbox 1427 4564 1597 4621; x_wconf 88' lang='lat' dir='ltr'>divisionem.</span> 
     </span>
    </p>
   </div>
   <div class='ocr_carea' id='block_1_10' title="bbox 411 4674 1555 4830">
    <p class='ocr_par' dir='ltr' id='par_1_10' title="bbox 411 4674 1555 4830">
     <span class='ocr_line' id='line_1_32' title="bbox 411 4674 773 4753; baseline -0.066 -3"><span class='ocrx_word' id='word_1_243' title='bbox 411 4695 438 4753; x_wconf 88' lang='lat'>2.</span> <span class='ocrx_word' id='word_1_244' title='bbox 459 4693 526 4747; x_wconf 89' lang='lat' dir='ltr'>lnst.</span> <span class='ocrx_word' id='word_1_245' title='bbox 543 4687 626 4748; x_wconf 82' lang='lat' dir='ltr'>crat,</span> <span class='ocrx_word' id='word_1_246' title='bbox 642 4677 676 4746; x_wconf 89' lang='lat' dir='ltr'>X,</span> <span class='ocrx_word' id='word_1_247' title='bbox 692 4693 713 4744; x_wconf 92' lang='lat'>1,</span> <span class='ocrx_word' id='word_1_248' title='bbox 728 4674 773 4729; x_wconf 80' lang='lat'>31.</span> 
     </span>
     <span class='ocr_line' id='line_1_33' title="bbox 415 4723 1555 4830; baseline -0.049 0"><span class='ocrx_word' id='word_1_249' title='bbox 415 4775 442 4829; x_wconf 86' lang='lat'>3.</span> <span class='ocrx_word' id='word_1_250' title='bbox 461 4766 609 4830; x_wconf 85' lang='lat' dir='ltr'>Lucienus,</span> <span class='ocrx_word' id='word_1_251' title='bbox 624 4757 723 4816; x_wconf 83' lang='lat' dir='ltr'>Zennis</span> <span class='ocrx_word' id='word_1_252' title='bbox 736 4754 794 4809; x_wconf 83' lang='lat' dir='ltr'>sice</span> <span class='ocrx_word' id='word_1_253' title='bbox 808 4744 971 4809; x_wconf 81' lang='lat' dir='ltr'>Antiochus,</span> <span class='ocrx_word' id='word_1_254' title='bbox 986 4741 1003 4795; x_wconf 89' lang='lat'>8</span> <span class='ocrx_word' id='word_1_255' title='bbox 1017 4746 1044 4795; x_wconf 88' lang='lat' dir='ltr'>et</span> <span class='ocrx_word' id='word_1_256' title='bbox 1059 4737 1102 4792; x_wconf 87' lang='lat'>12.</span> <span class='ocrx_word' id='word_1_257' title='bbox 1120 4734 1160 4792; x_wconf 88' lang='lat' dir='ltr'>Cl.</span> <span class='ocrx_word' id='word_1_258' title='bbox 1178 4732 1301 4798; x_wconf 89' lang='lat' dir='ltr'>Suidam‚</span> <span class='ocrx_word' id='word_1_259' title='bbox 1316 4747 1342 4787; x_wconf 92' lang='lat' dir='ltr'>s.</span> <span class='ocrx_word' id='word_1_260' title='bbox 1363 4746 1389 4787; x_wconf 85' lang='lat' dir='ltr'>v,</span> <span class='ocrx_word' id='word_1_261' title='bbox 1407 4723 1555 4790; x_wconf 75' lang='grc' dir='ltr'><strong>Σιμωνίδης.</strong></span> 
     </span>
    </p>
   </div>
   <div class='ocr_carea' id='block_1_11' title="bbox 0 0 1892 5634">
    <p class='ocr_par' dir='ltr' id='par_1_11' title="bbox 0 0 1892 5634">
     <span class='ocr_line' id='line_1_34' title="bbox 0 0 1892 5634; baseline 0 0"><span class='ocrx_word' id='word_1_262' title='bbox 0 0 1892 5634; x_wconf 95' lang='lat' dir='ltr'> </span> 
     </span>
    </p>
   </div>
  </div>
 </body>
</html>
