3670 5634
886 575 1062 644 „50”

294 779 296 788 ν
361 736 443 812 leto,
476 738 561 808 Post
590 739 707 808 urbem
738 739 915 814 obsidione
949 739 1143 824 liberatam,
1174 738 1358 814 Lucullum
1386 739 1423 815 in
1455 740 1585 830 tempto

362 849 505 923 Veneris
518 853 641 924 Iliacae
657 854 884 928 dormientem
902 855 966 930 dea
985 855 1166 948 increpuit,
1185 855 1320 926 hostem
1339 854 1375 928 iu
1392 855 1584 946 propinquo

361 969 466 1042 latere
498 970 641 1054 dcceus;
668 972 760 1046 illice
790 972 942 1040 monitus
969 973 1118 1043 surrexit
1147 971 1330 1064 regiasque
1357 994 1464 1044 naves
1494 971 1586 1063 apud

362 1084 579 1158 Achaeorum
603 1094 739 1177 portum
766 1087 936 1180 oppressit
956 1088 983 1169 ¹;
1015 1086 1183 1176 reliquam
1207 1085 1413 1160 Mithridatis
1440 1086 1586 1162 classem

361 1199 472 1270 Diana
492 1200 665 1292 Priapios,
683 1212 800 1275 coorta
824 1212 1040 1292 tempestate,
1060 1201 1195 1286 delevit,
1213 1211 1250 1270 ut
1269 1202 1436 1293 templum
1450 1223 1587 1274 suumn

361 1314 514 1386 Ponticis
529 1315 700 1407 direptum
714 1316 968 1392 ulcisceretur¹.
984 1317 1078 1398 Quae
1096 1326 1296 1405 sequuntur,
1314 1339 1421 1406 usque
1436 1316 1479 1386 ad
1494 1315 1586 1406 regis

360 1452 481 1500 versus
508 1432 691 1522 Tigranem
714 1433 847 1524 iugum,
878 1433 1045 1525 prodigiis
1072 1441 1200 1516 carent,
1230 1433 1441 1508 ornamentis
1470 1442 1587 1508 terren

360 1546 465 1636 epicis
480 1569 521 1614 eo
536 1547 648 1636 magis
673 1558 815 1620 scatent.
836 1548 915 1620 Mox
931 1559 1058 1632 autem,
1077 1548 1222 1622 Lucullo
1239 1547 1390 1639 Sinopen
1414 1545 1586 1620 obsidenti
1704 1541 1708 1550 '

360 1671 518 1730 narratur
536 1663 702 1752 quaedem
719 1664 831 1734 forma
848 1664 883 1732 in
898 1664 1029 1732 somnis
1044 1662 1258 1754 apparuisse,
1279 1685 1423 1738 mouens
1439 1660 1585 1752 Autoly-
1672 1693 1676 1700 ·

361 1798 452 1858 cum,
476 1777 672 1850 fabulosum
694 1779 797 1870 bujus
818 1779 912 1850 urhis
933 1779 1158 1862 conditorem,
1185 1801 1264 1846 cum
1288 1801 1329 1849 eo
1354 1779 1450 1870 loqui
1475 1779 1583 1862 velle3

362 1901 498 1980 postero
515 1892 569 1962 die
586 1893 667 1963 urbs
684 1904 782 1986 capta
801 1905 864 1980 est,
883 1895 1105 1972 simulacrum
1123 1895 1251 1977 herois,
1272 1895 1365 1985 quod
1387 1893 1586 1972 defensores

364 2005 511 2078 navibus
524 2007 699 2098 imponere
713 2010 886 2096 volebant,
902 2010 1044 2082 Lucullo
1059 2010 1096 2078 in
1109 2033 1232 2080 manus
1246 2009 1341 2084 veuit
1352 2011 1375 2078 ³.
1391 2011 1584 2094 Postremo,

365 2146 442 2196 cum
458 2123 604 2196 Romani
623 2125 804 2195 transitum
821 2125 1004 2216 Euphratis
1025 2135 1196 2216 pararent,
1216 2125 1330 2196 amuis
1351 2125 1480 2200 receuti
1501 2137 1587 2200 tcm-

363 2249 492 2328 pestete
509 2239 658 2312 tumidus
674 2251 879 2332 pernoctem
897 2241 981 2313 adeo
1001 2241 1192 2312 decrevisse
1207 2241 1332 2314 dicitur
1347 2247 1385 2313 ut
1402 2264 1506 2316 cavus
1521 2241 1585 2316 sub

362 2377 520 2428 auroram
544 2356 662 2426 alveus
687 2367 883 2426 cerneretur
907 2357 1145 2447 exercitusque
1173 2357 1263 2428 sicco
1294 2358 1380 2448 pede
1405 2357 1584 2440 transirct3

361 2468 424 2540 hos
448 2493 527 2541 vero
549 2493 656 2552 sacre,
684 2493 725 2542 ex
749 2481 903 2544 armento
923 2471 1052 2546 Dianae
1069 2472 1243 2558 Persicae,
1267 2472 1358 2546 ultro
1381 2494 1418 2545 se
1439 2471 1585 2550 Lucullo

365 2586 580 2662 mactandam
595 2586 785 2680 praebunt
893 2679 895 2687 J
1681 2579 1683 2585 ’

402 2804 495 2878 XIX.
522 2805 615 2876 Haec
630 2805 747 2879 omnia
759 2828 870 2901 neque
886 2805 928 2876 ab
945 2805 1020 2901 ipso
1036 2803 1219 2876 Plutarcho
1235 2803 1326 2887 ficte,
1344 2824 1455 2893 neque
1472 2825 1492 2878 a
1508 2805 1583 2880 sst-

360 2920 464 2989 lustio
482 2921 606 2991 tradite
620 2920 725 2991 fuisse
742 2921 920 3012 utriusque
941 2920 1152 2992 consuetudo
1169 2920 1252 2990 satis
1269 2919 1499 3002 demonstrat;
1521 2942 1586 2994 neo

358 3035 469 3133 magis
491 3035 535 3106 ud
560 3037 771 3127 reliquorum
789 3036 1031 3110 historicorum
1052 3057 1261 3132 quemquam
1276 3057 1362 3127 quos
1378 3035 1583 3108 Plutarchus
1673 3045 1676 3056 “

241 3231 245 3237 ¹
358 3148 450 3232 citat,
468 3151 703 3236 Strabonem⁵,
720 3153 886 3244 Nepotem
900 3155 923 3236 ⁶,
945 3153 1114 3234 Livium⁷,
1130 3173 1171 3219 ea
1190 3151 1369 3222 referenda
1386 3162 1483 3245 puto.
1501 3151 1584 3224 Illo-

359 3287 436 3336 rum
460 3266 552 3338 enim
580 3267 786 3342 Strabonem
813 3267 1050 3365 philosophice
1074 3266 1239 3358 gravitas,
1272 3269 1439 3360 Nepotem
1470 3267 1587 3364 (quern

358 3391 559 3474 portentosa
573 3384 765 3456 avidissime
783 3385 961 3458 credidisse
976 3406 1045 3452 non
1059 3383 1263 3474 negaverim
1275 3383 1297 3478 ⁸)
1320 3381 1423 3454 solita
1437 3379 1587 3458 brevitas

362 3497 531 3586 excludit;
561 3500 681 3570 Livius
709 3524 789 3570 sane
817 3500 1024 3572 mirabilium
1046 3511 1179 3572 ematur
1208 3497 1352 3580 exstitit,
1381 3500 1524 3596 eJ’usque
1551 3495 1586 3568 in

361 3612 554 3700 Annalibus
577 3616 741 3710 Cyzicena
766 3615 924 3710 prodigia
948 3639 969 3687 a
994 3615 1338 3690 Plutarcho'uerreta
1361 3613 1476 3686 locum
1497 3611 1585 3688 ohti-

401 3807 426 3862 1.
443 3807 528 3878 Plut,
546 3812 684 3882 Luc.,12.

398 3887 426 3948 2.
443 3887 528 3957 Plut,
543 3893 622 3956 lue..
639 3894 682 3949 13.

400 3967 427 4024 3-
445 3969 529 4043 Plut,
545 3973 620 4048 Luc..
636 3975 680 4034 23.
985 4019 987 4026 .

400 4047 427 4105 t.
445 4048 530 4119 Plut,
545 4054 623 4123 lita,
639 4056 684 4110 24.
701 4053 770 4112 Rem
787 4072 840 4110 non
860 4053 940 4126 plane
968 4054 1060 4110 fictam
1081 4053 1235 4128 (transitum
1252 4051 1323 4120 dico)
1343 4055 1481 4110 testantur
1500 4049 1589 4107 Mem-

287 4194 289 4202 Ι
367 4143 434 4195 nou,
453 4145 478 4189 o.
498 4133 553 4202 56;
577 4132 643 4190 Sall.
668 4134 714 4202 fr.,
735 4134 782 4200 lV,
805 4135 837 4190 11
858 4134 943 4198 Kritz,
963 4151 1120 4207 quenquam
1142 4131 1287 4196 similiads
1309 4131 1464 4188 Alexandro
1484 4131 1588 4202 Magno

368 4204 562 4268 iabulebantur
576 4213 635 4286 ejus
649 4216 742 4271 coaevi
757 4215 803 4288 (cs.
820 4216 1001 4272 Menandrum
1015 4231 1060 4286 ap.
1077 4213 1162 4282 Plut.,
1179 4215 1273 4280 Alam,
1290 4210 1346 4283 17.)

404 4286 431 4342 5.
453 4289 544 4360 Plut.,
566 4295 645 4362 lun,
674 4296 774 4351 28.·ln
795 4293 983 4352 describendis
1007 4294 1123 4366 Sinopes
1149 4290 1300 4366 originibus
1328 4296 1400 4350 certe
1426 4289 1589 4351 Plutarchus

370 4364 531 4431 Strabonem
543 4389 598 4430 nou
609 4381 720 4436 secutus
733 4382 785 4444 est,
796 4393 859 4434 uam
869 4375 933 4432 huic
943 4375 1095 4446 Autolycus
1111 4389 1202 4432 comes
1216 4370 1267 4429 suit
1279 4369 1389 4430 laconis
1400 4369 1516 4443 (Strab.
1526 4371 1588 4441 ΧΗ,

371 4463 410 4512 nr,
424 4449 478 4521 11),
495 4449 532 4506 illi
548 4453 672 4510 Herculis
687 4456 818 4511 adversus
832 4457 984 4511 Amazonas
999 4451 1146 4508 molientis.

404 4526 432 4581 6.
449 4527 534 4599 Plut,
549 4533 628 4601 Luc„
648 4535 692 4591 43.

405 4606 433 4666 7.
450 4607 535 4680 Plut,
549 4613 626 4684 tric„
637 4614 691 4680 282
706 4615 750 4679 31,

404 4685 432 4747 8.
450 4689 533 4760 Plin,
548 4696 620 4749 uest.
638 4702 709 4764 nat,
726 4695 756 4762 V,
774 4713 791 4766 r,
809 4696 833 4752 1.
