3658 5640
843 697 1021 765 ...46-

319 866 447 958 scripta
466 863 596 933 catilla
616 862 792 932 Ciceronis
822 864 979 953 epistola)
1002 882 1113 956 neque
1139 864 1313 935 Numidici
1337 863 1458 934 laudes
1478 866 1542 934 sibi

318 1001 508 1074 proponere
520 977 648 1060 debuit,
658 1001 749 1046 anno
759 980 832 1069 jam
842 979 1017 1049 tricesimo
1027 989 1129 1047 antea
1139 979 1540 1072 mortui¹,nequePium,

319 1107 511 1189 quemante
529 1117 658 1164 annum
673 1097 737 1166 690
754 1095 942 1164 decessisse
957 1103 1089 1165 certum
1105 1107 1169 1180 est,
1184 1097 1309 1187 quippe
1326 1096 1380 1164 cui
1396 1119 1437 1165 eo
1453 1119 1542 1164 anno

321 1213 358 1282 C.
376 1213 503 1282 Caesar
514 1211 550 1280 in
566 1211 765 1304 pontificatu
776 1211 925 1280 maximo
937 1213 1171 1281 successeur.
1186 1213 1249 1280 His
1261 1212 1375 1302 itaque
1386 1211 1540 1298 semotis,

319 1350 410 1398 unus
425 1338 531 1396 restat
544 1327 584 1410 Q.
602 1327 760 1398 Metellus
784 1327 950 1413 Creticus,
971 1327 1030 1418 qui
1044 1349 1085 1396 ao
1104 1326 1179 1420 ipso
1202 1349 1292 1397 anno
1313 1349 1381 1419 quo
1396 1327 1542 1396 Archiae

318 1467 422 1514 eausa
437 1459 533 1514 orata
549 1452 613 1529 est,
628 1443 736 1512 invito
751 1442 929 1534 Pompeio,
943 1443 984 1511 de
998 1443 1217 1512 Cretensibus
1231 1441 1473 1534 triumphavit;
1488 1442 1544 1512 bic

320 1556 562 1629 communibus
588 1557 711 1626 studiis
731 1567 833 1649 atque
859 1556 948 1626 odiis
973 1556 1118 1626 Lucullo
1140 1557 1442 1649 conjunctissimus
1465 1556 1541 1642 fuit,

317 1676 420 1766 hujus
446 1674 481 1744 in
507 1671 676 1743 honorem
702 1674 930 1742 Caecilianum
950 1672 1110 1763 sabulum
1133 1671 1308 1764 scriptam,
1336 1674 1390 1742 vel
1420 1672 1543 1742 saltem

316 1789 511 1862 inchoatam
526 1789 648 1870 luisse,
678 1787 956 1858 existimandum.
1324 1785 1326 1789 ’

360 2040 454 2112 XVI.
480 2039 754 2110 Mithridaticum
778 2061 928 2124 carmen,
952 2037 1045 2130 quod
1069 2037 1182 2107 solum
1204 2057 1247 2106 ex
1268 2034 1457 2127 maJoribus
1479 2039 1542 2103 Ar-
1574 2113 1577 2122 Α

316 2157 414 2226 chiae
442 2153 605 2247 operibns
631 2154 828 2224 absolutum
851 2153 960 2220 fuisse
988 2152 1134 2236 videtur,
1163 2151 1256 2220 hisce
1282 2150 1396 2219 verbis
1423 2149 1540 2220 Cicero

317 2271 503 2340 describit:
526 2267 799 2340 Mithridaticum
816 2268 955 2352 bellum,
974 2291 1138 2359 mopuum
1156 2281 1258 2358 atque
1277 2265 1431 2356 difficile,
1457 2280 1489 2333 et
1505 2265 1542 2333 iu

315 2387 424 2456 multu
440 2386 605 2456 varietate
621 2400 709 2454 terra
724 2385 879 2476 morique
893 2397 1074 2468 versatum,
1092 2395 1203 2452 totum
1216 2381 1258 2450 ab
1273 2381 1335 2448 hoc
1351 2403 1541 2472 cupressum

316 2517 364 2571 cst
385 2503 479 2595 :qui
499 2501 580 2571 libri
604 2525 671 2570 uon
700 2499 799 2569 modo
828 2503 865 2569 L.
895 2499 1119 2568 Lucullum...
1148 2497 1392 2566 verumetiam
1419 2497 1543 2589 populi

314 2619 450 2687 romoni
471 2609 595 2686 uomerl
618 2615 824 2685 illustrant&
850 2615 1005 2683 Primum
1030 2613 1077 2683 ibi
1103 2614 1338 2683 annotandum
1363 2621 1415 2681 est
1437 2635 1540 2702 argu-

316 2745 470 2803 mentum
495 2734 599 2825 hujus
624 2731 787 2802 carminis
811 2754 883 2801 non
907 2726 1014 2800 luisse
1043 2742 1152 2799 totum
1176 2728 1449 2799 Mithridaticum
1473 2727 1542 2797 bel-

315 2849 399 2935 lum,
417 2845 509 2942 quod
530 2847 649 2940 paucis
674 2847 989 2916 intermissionibus
1013 2869 1073 2937 per
1091 2869 1166 2916 xxv.
1185 2867 1293 2914 annos
1313 2845 1459 2931 duravit,
1480 2847 1541 2916 sed

314 2963 551 3031 tantummodo
579 2985 656 3032 eam
690 2962 772 3031 belli
802 2961 1023 3032 Mithridatici
1056 2971 1188 3053 partem
1223 2959 1278 3029 cui
1305 2959 1345 3029 L.
1372 2961 1540 3030 Lucullus

314 3077 475 3170 praefuit,
498 3079 567 3158 vel,
586 3087 714 3147 utrem
732 3079 926 3146 accuratius
942 3076 1115 3162 definiam,
1132 3099 1187 3144 res
1204 3087 1319 3167 gestas
1341 3078 1383 3146 ab
1401 3079 1541 3146 ineunte

314 3217 404 3264 anno
421 3195 462 3266 U.
480 3194 517 3266 C.
532 3195 594 3264 681
613 3195 694 3286 (quo
708 3193 903 3285 Bithyniam
920 3193 1117 3264 Nicomedis
1132 3203 1242 3262 morte
1257 3215 1399 3262 vacuam
1413 3191 1541 3264 Mithri-

315 3312 409 3380 dates
425 3311 561 3402 invasit)
571 3333 682 3401 usque
697 3311 740 3379 ad
751 3309 902 3379 nobilem
914 3327 1069 3401 pugnam
1079 3307 1436 3398 Tigranocertenscm,
1450 3308 1537 3400 prid.

313 3449 394 3496 non.
409 3426 529 3496 Octob.
547 3449 636 3494 anno
652 3426 717 3496 685
734 3435 938 3493 consertam.
954 3424 1050 3504 Quae
1065 3423 1158 3491 enim
1178 3422 1299 3492 deinde
1312 3432 1431 3492 secuta
1446 3433 1538 3508 sunt,

313 3541 623 3640 -expeditionem
640 3541 771 3610 scilicet
782 3540 947 3609 adversus
962 3539 1127 3608 Artaxata
1141 3539 1279 3623 factam,
1293 3539 1442 3608 militum
1454 3537 1541 3608 sedi·

316 3659 438 3743 tiones,
452 3657 572 3725 infelix
586 3656 709 3726 Triarii
728 3656 819 3747 apud
832 3655 982 3726 Gaziura
996 3653 1179 3747 proelium,
1194 3653 1341 3745 denique
1358 3654 1541 3722 Lucullum

315 3771 356 3842 ab
368 3772 520 3841 exercitu
533 3794 595 3840 suo
608 3772 709 3862 plane
725 3771 926 3840 destitutum
938 3811 983 3822 -
992 3793 1032 3840 ca
1043 3769 1171 3854 omnia,
1184 3779 1223 3836 ut
1232 3790 1352 3859 parum
1363 3791 1537 3859 prospera,

314 3888 460 3959 Archias
485 3887 643 3956 omittere
663 3887 797 3972 debuit;
826 3888 917 3978 quod
939 3887 1104 3956 usitatum
1126 3886 1234 3953 fuisse
1256 3885 1367 3976 poetis
1389 3884 1539 3954 Annales

314 4003 543 4074 scribentibus
559 4012 706 4073 testatur
724 4003 901 4073 Ciceronis
915 4004 1012 4073 loous
1030 4002 1068 4070 in
1083 3995 1237 4070 oratione
1254 4001 1320 4068 Pro
1337 4001 1408 4092 leqe
1427 4001 1538 4068 Muni-

313 4121 374 4207 lia,
392 4114 451 4190 ubi
468 4119 691 4212 potissimum
713 4119 753 4188 de
775 4117 898 4187 Triarii
915 4119 1009 4188 clade
1031 4117 1066 4185 in
1087 4119 1178 4187 hunc
1198 4113 1341 4185 modum
1355 4115 1539 4207 loquitur:

312 4237 507 4336 Sz'uitqboc
535 4235 618 4317 loco,
642 4238 729 4304 sicut
749 4250 870 4327 poetae
896 4235 1002 4303 solent
1025 4233 1088 4324 qul
1110 4256 1161 4300 res
1184 4236 1353 4299 Romanos
1375 4230 1536 4314 scribunt,

311 4354 496 4445 praeterire
520 4376 573 4420 mc
598 4351 1035 4439 uostromculomc'tatcm‘.
1057 4351 1109 4418 Ex
1132 4348 1185 4416 his
1211 4345 1371 4415 omnibus
1398 4355 1538 4438 apparet

347 4581 372 4634 l.
385 4576 458 4644 Cic,
477 4579 513 4632 De
532 4583 591 4632 not.
608 4577 695 4646 deor„
712 4578 759 4644 Ill,
774 4593 869 4640 xxxm,
887 4575 930 4631 sl.

344 4662 371 4715 2.
388 4658 448 4727 Dio,
463 4656 601 4722 XXXVII,
617 4659 661 4712 37.

344 4741 371 4798 3.
387 4740 571 4802 Pro'Archlo‚
585 4738 633 4804 IX,
648 4739 694 4799 21.

346 4821 371 4874 4.
389 4821 441 4874 Pro
457 4818 514 4888 lepc
528 4819 655 4887 Moutlto,
671 4817 716 4885 ΙΧ,
728 4817 773 4874 25.
