3670 5634
884 656 1062 723 ..32-

359 850 563 920 expressum
580 834 633 894 est
658 847 702 894 ex
724 823 874 893 carmine
898 823 1152 916 Apollonidis¹,
1169 825 1279 905 Αἴλιος
1294 826 1435 911 Αὐσονίης
1458 851 1590 920 στρατιῆς

359 956 482 1036 πρόμος,
503 943 559 1012 vel
583 939 732 1032 Philippi
753 938 1106 1021 Thessalonicensis¹,
1129 941 1238 1021 Αἴλιος
1256 950 1271 1009 ὁ
1291 949 1458 1033 θρασύχειρς
1479 945 1588 1036 Apol·

358 1062 493 1132 lonides
528 1068 644 1127 autem
677 1065 710 1126 et
741 1055 919 1147 Philippus
957 1054 1107 1144 Augusti
1144 1077 1184 1123 ac
1219 1055 1346 1124 Tiberii
1375 1061 1587 1151 temporibus

359 1179 562 1246 floruerunt.
582 1173 749 1256 Quartum
766 1170 989 1261 epigramma,
999 1170 1035 1238 in
1049 1169 1271 1239 hirundinem
1286 1195 1374 1264 quae
1389 1173 1426 1242 in
1445 1175 1586 1248 Medeae

358 1293 509 1382 imagine
537 1290 657 1358 nidum
690 1287 930 1356 aedificaverat
947 1287 970 1369 ³,
1001 1287 1066 1356 aleo
1096 1293 1167 1372 ὃλην
1195 1298 1297 1372 νήσους
1332 1320 1428 1370 τε...,
1464 1315 1585 1362 rursus

357 1409 515 1500 congruit
527 1428 607 1476 cum
620 1403 769 1474 carmine
785 1402 935 1494 Philippi
951 1402 1272 1472 Thessalonicensis
1287 1404 1324 1472 in
1340 1405 1462 1474 eodem
1482 1430 1584 1499 argu7

357 1527 475 1590 mento
491 1518 651 1589 ludente⁸
670 1539 678 1586 :
697 1521 843 1606 Κολχίδα,
868 1526 922 1603 τὴν
946 1523 992 1588 ἐπὶ
1015 1524 1150 1586 παισίν...
1178 1516 1303 1585 Parem
1320 1517 1582 1589 similitudinem

356 1636 519 1706 exhibent
533 1634 691 1726 quintum
714 1632 754 1700 de
773 1631 875 1700 bobus
896 1654 1016 1698 tenvem
1034 1631 1242 1700 trahentibus
1255 1645 1278 1716 ⁵,
1296 1638 1328 1702 cb
1347 1643 1434 1720 atses
1449 1641 1581 1726 ebdporov

355 1761 478 1838 βὸες...,
496 1763 530 1820 et
546 1750 639 1818 istud
657 1749 889 1839 philippicum
903 1748 926 1828 ⁰,
955 1765 1052 1837 ταῦροι
1075 1759 1318 1838 πρηϋτένοντες...
1346 1749 1440 1832 Quae
1468 1752 1583 1821 omnia

355 1868 384 1936 si
400 1867 582 1959 diligenter
595 1865 733 1957 legeris,
748 1867 822 1956 Jam
841 1887 911 1932 non
933 1863 1105 1932 dubitabis
1121 1874 1197 1932 uter
1212 1875 1327 1933 utrum
1344 1866 1498 1935 imitatus
1514 1867 1577 1952 sit;

355 2007 433 2053 cum
445 2006 527 2053 vero
540 1982 720 2072 Philippus
735 1981 862 2050 Tiberii
878 1979 1030 2070 aequalis
1043 1980 1158 2066 fuerit,
1175 1990 1269 2071 patet
1283 1979 1490 2051 imitatorem
1505 1986 1580 2074 ejus

354 2124 425 2168 non
443 2099 604 2169 Archiam
621 2097 890 2166 Antiochensem
905 2096 1025 2166 fuisse.
1042 2096 1198 2188 Denique
1219 2120 1263 2164 ne
1281 2108 1417 2165 sextum
1440 2100 1580 2190 quidem

353 2216 567 2308 epigramma
580 2215 603 2296 ⁷,
620 2219 651 2282 ct
666 2223 763 2284 τόσσον
777 2214 805 2301 γ’
824 2212 997 2297 Ἀθάμας...
1011 2211 1059 2302 (in
1069 2211 1237 2298 Medeam,
1255 2222 1293 2282 ut
1302 2213 1450 2301 videtur,
1462 2215 1578 2286 Timo·

354 2332 466 2401 machi
477 2333 501 2422 ⁸)
518 2341 635 2400 nostro
653 2341 691 2398 ut
708 2318 891 2398 concedam
908 2328 1075 2418 permittit
1089 2351 1310 2397 numerorum
1325 2331 1423 2398 ratio.
1442 2331 1579 2402 Scilicet

351 2448 385 2514 in
414 2447 572 2538 genuinis
601 2445 747 2515 Archiae
776 2445 987 2514 carminibus
1012 2445 1118 2535 (quod
1148 2468 1229 2513 mox
1255 2446 1445 2538 apparebit)
1470 2448 1575 2517 hexa-

349 2574 537 2631 metrorum
552 2562 656 2651 longe
671 2564 781 2653 maj0r
796 2584 873 2654 pars
888 2571 965 2652 post
980 2560 1119 2628 tertium
1135 2561 1334 2629 trochaeum
1351 2561 1548 2632 dividuntur
1564 2588 1572 2649 ;

348 2678 384 2747 in
401 2679 460 2747 illo
476 2689 591 2748 autem
607 2676 802 2746 tetrasticho
819 2675 1079 2768 epigrammate,
1107 2676 1208 2744 ambo
1234 2675 1425 2746 hexametri
1453 2701 1575 2748 caesu-

348 2817 421 2862 ram
432 2772 725 2886 penthemimeren
736 2791 908 2860 exhibent.
924 2791 964 2859 ln
977 2813 1124 2877 summa,
1140 2813 1182 2858 ex
1193 2790 1247 2858 his
1263 2815 1323 2860 sex
1340 2796 1573 2864 controversis

348 2909 619 3002 epigrammatis,
639 2909 706 2978 duo
729 2919 819 2978 certe
837 2907 1011 2977 Leonidea
1036 2917 1130 2990 sunt,
1148 2916 1310 2998 quattuor
1332 2908 1467 3000 reliqua
1482 2921 1573 2979 certe

346 3049 415 3094 non
438 3025 605 3096 Archiaca
631 3049 706 3095 esse
731 3023 977 3093 demonstravi.
1003 3024 1058 3091 An
1080 3046 1160 3092 vere
1184 3023 1358 3093 Leonidae
1384 3023 1454 3092 sint
1477 3026 1573 3094 attri-

346 3143 495 3226 buenda,
517 3142 677 3235 equidem
700 3142 870 3210 affirmare
893 3163 964 3208 non
990 3139 1116 3220 ausim,
1135 3139 1299 3231 quoniam
1320 3140 1355 3207 in
1373 3139 1424 3208 eis
1442 3143 1573 3232 ἰοοψηφίοι

347 3257 580 3341 desideratur;
606 3280 799 3350 quanquam
824 3280 888 3326 neo
911 3255 1084 3326 Leonidas
1108 3277 1228 3323 omnes
1255 3277 1334 3324 suas
1363 3279 1476 3347 nugas
1501 3268 1571 3327 tam

346 3374 448 3441 arctis
462 3373 610 3442 vinculis
626 3374 760 3443 videtur
775 3373 1001 3443 adstrinxisse
1017 3375 1041 3459 ⁹,
1065 3395 1201 3441 necnon
1223 3373 1280 3443 vel
1301 3397 1369 3442 uno
1391 3374 1569 3446 levissimo

345 3487 476 3558 librarii
486 3515 600 3560 errore
616 3513 839 3559 numerorum
853 3491 941 3559 ratio
959 3487 1089 3558 turbari
1105 3489 1231 3582 potuit.

388 3704 448 3776 Vl.
469 3704 532 3773 His
548 3704 665 3796 itaque
681 3705 835 3792 semotis,
852 3716 1036 3797 supersunt
1048 3705 1132 3774 XXI
1145 3705 1405 3796 epigrammata,
1422 3705 1569 3776 Archiae

379 3911 403 3968 l.
419 3913 505 3968 Antt.
520 3913 600 3983 nat,
617 3911 674 3982 tttt,
690 3911 755 3969 233.

379 3993 406 4049 2.
422 3990 482 4063 Vll,
497 3993 560 4049 234.

377 4074 404 4129 3.
422 4071 470 4141 ΙΧ,
483 4074 546 4129 346.

379 4155 404 4210 4.
420 4154 495 4224 App.
509 4155 600 4226 Plan,
617 4156 678 4217 141.

377 4234 405 4289 5.
422 4233 470 4304 ΙΧ,
486 4235 549 4290 347.

377 4314 405 4369 6.
422 4312 469 4378 ΙΧ,
483 4315 548 4370 299.
579 4380 580 4384 ¹

376 4397 402 4450 7.
419 4394 467 4461 IX,
478 4395 540 4452 345.

378 4473 404 4530 8.
421 4473 604 4532 Tritissimum
619 4478 711 4535 thema
728 4479 823 4537 videas
843 4479 871 4535 in
887 4481 964 4550 App.
985 4477 1078 4544 Plan,
1092 4475 1137 4545 83,
1155 4474 1279 4545 435440,
1296 4477 1363 4544 143;
1383 4477 1500 4545 Auson,
1511 4477 1564 4547 Ep.

375 4636 401 4691 9.
423 4634 536 4706 Videas,
559 4639 676 4713 exempli
694 4642 793 4714 gratia,
814 4643 869 4698 duo
888 4639 1042 4696 certissima
1064 4633 1200 4691 Leonidae
1222 4635 1425 4708 epigrammata,
1449 4635 1497 4702 lX,
1513 4637 1566 4693 355

319 4781 321 4787 Ι
340 4719 367 4769 et
386 4715 453 4773 353.
472 4716 552 4774 Falso
573 4720 660 4792 igitur
680 4723 841 4780 scholiastes
865 4721 1009 4779 Palatinus
1026 4719 1072 4791 (ad
1087 4716 1133 4783 lX,
1149 4715 1213 4786 349)
1233 4717 1372 4773 adnotavit
1395 4715 1432 4768 dn
1448 4715 1564 4768 ΠΑΝΤΑ

340 4793 369 4846 τὰ
384 4789 564 4864 ἐπιγράμματα
578 4801 708 4856 Λεωνίδου
724 4801 845 4870 ἷσὸψηφα.
1369 4837 1371 4845 ·
