3634 5642
783 663 828 676 ....
853 625 896 692 23
915 663 960 680 ..-

261 792 390 860 mentio
405 792 454 876 fit,
470 813 539 884 quo
555 791 667 884 magis
684 793 822 862 credam
841 793 941 861 illum
958 815 1028 862 non
1045 794 1094 862 ita
1112 794 1220 862 multo
1239 802 1328 884 post,
1353 813 1482 861 annum

261 908 395 976 circiter
413 908 667 999 sexagesimum
687 919 819 995 natum,
837 909 1037 978 decessisse.
1064 909 1259 979 Verisimile
1277 917 1329 976 est
1348 931 1428 976 eum
1447 909 1483 976 iu

261 1023 323 1094 illa
337 1024 414 1115 ipsa
428 1023 652 1093 Lucullorum
667 1025 782 1110 domo,
805 1048 892 1116 quae
908 1026 1159 1094 adolescentem
1179 1025 1320 1108 foverat,
1339 1024 1486 1092 novissi·

260 1162 336 1208 mos
366 1139 439 1209 dies
466 1141 559 1208 haud
582 1141 768 1233 injucunde
796 1141 987 1212 transiisse.
1014 1142 1065 1210 lbi
1094 1141 1225 1210 Xerxes
1249 1141 1306 1208 ille
1332 1149 1482 1229 togatus,

259 1257 300 1325 L.
316 1255 392 1324 dico
414 1255 611 1338 Lucullum,
629 1267 774 1326 onustus
791 1257 909 1347 spoliis
925 1257 1088 1342 Orientis,
1107 1256 1296 1326 Asiaticam
1312 1256 1485 1324 luxuriam

260 1391 384 1458 graeca
398 1370 559 1439 comitate
575 1378 608 1437 et
624 1371 746 1438 studiis
762 1369 900 1460 optimis
916 1371 1083 1439 miscebat
1103 1392 1111 1453 ;
1129 1391 1252 1459 nempe
1267 1377 1299 1437 et
1318 1369 1486 1437 librorum

261 1485 436 1580 ingentem
454 1486 589 1576 copiam
598 1493 633 1554 et
642 1485 767 1554 artium
780 1486 946 1556 miracula
961 1486 1114 1578 undique
1128 1485 1193 1552 sibi
1204 1489 1482 1575 comparaverat3

261 1600 507 1670 bibliothecam
523 1611 639 1671 autem
651 1602 810 1671 omuibus
826 1602 964 1671 Graecis
979 1601 1038 1692 qui
1056 1603 1188 1670 Romae
1204 1600 1258 1668 vel
1271 1609 1486 1668 transeuntes

261 1715 443 1807 degebant,
454 1717 889 1808 philosophis,artibcibus,
905 1717 1152 1806 grammaticis,
1165 1715 1287 1807 poetis,
1302 1715 1487 1782 liberaliter

262 1834 435 1923 aperiebat
449 1837 471 1903 ¹.
488 1833 539 1902 lbi
555 1833 754 1902 Arcesilaus
770 1834 922 1924 sculptor
932 1834 955 1914 ²,
973 1833 1020 1902 ibi
1035 1832 1207 1923 Tyrannio
1222 1830 1486 1923 grammaticus³

260 1949 368 2038 regali
391 1947 538 2040 hospitio
562 1946 773 2016 fruebantur.
796 1948 948 2016 Felicem
963 1947 1123 2047 Archiam
1149 1946 1204 2015 cui
1228 1945 1265 2013 in
1289 1944 1349 2013 tali
1374 1945 1426 2034 (ut
1441 1943 1488 2011 ait

260 2063 465 2133 Plutarchus
477 2064 502 2149 Ι)
520 2072 698 2155 prytanec,
722 2072 800 2154 post
815 2063 1042 2132 errabundam
1063 2062 1171 2130 vitam
1187 2072 1306 2153 portus
1325 2059 1486 2151 tranquil-

261 2179 415 2246 lissimus
445 2178 554 2269 patuit
579 2200 586 2260 ;
612 2178 803 2246 feliciorem
828 2178 913 2247 adeo
942 2179 984 2260 si,
1015 2178 1107 2268 quod
1137 2177 1270 2268 opinor,
1301 2175 1486 2244 illustrium

260 2300 485 2384 patronorum
504 2293 677 2385 prosperis
692 2293 795 2362 rebus
819 2317 890 2362 non
913 2294 978 2362 fuit
997 2303 1183 2383 superstes,
1202 2314 1266 2360 nec
1286 2291 1372 2359 vidit
1395 2290 1489 2356 insa-

261 2411 415 2478 nientem
430 2410 625 2492 Lucullum,
643 2432 753 2502 neque
769 2412 986 2479 exsulantem
998 2411 1217 2479 Ciceronem!

298 2609 323 2665 Ι,
339 2605 407 2673 Cic,
424 2608 462 2660 lle
475 2609 535 2676 fio„
553 2605 601 2674 ΙΙΙ,
617 2622 648 2672 11,
662 2606 695 2662 7.

296 2690 323 2744 2,
340 2685 458 2754 Plinius,
473 2688 544 2742 Hist.
560 2691 631 2756 aaa,
651 2685 777 2756 XXXVI,
797 2704 844 2755 xri,
861 2688 923 2743 150.

297 2767 323 2822 3.
339 2765 450 2833 Suidus,
468 2782 492 2822 s.
512 2783 539 2820 v.
556 2765 712 2830 Τυραννίων,

298 2848 324 2904 l.
341 2845 427 2914 plut,
442 2849 519 2914 Luc,
537 2848 581 2902 42.
