3670 5634
775 665 953 752 -35-4

252 858 417 907 renerum
430 833 574 903 lacinias
585 834 621 900 iu
631 828 732 902 novis
744 833 964 924 Anthologiis
976 833 1179 902 detexerunt
1185 861 1195 918 ;
1207 832 1391 902 inhisvero
1404 855 1474 900 om-

253 954 354 1022 nibus
363 975 407 1020 ne
423 963 531 1019 unum
545 947 686 1040 quidem
701 949 848 1017 Archiae
870 949 1101 1039 fragmentum
1118 949 1312 1018 offenditur.
1338 951 1390 1018 Ex
1412 949 1476 1018 hoc

256 1080 368 1137 tamen
382 1067 467 1136 nihil
485 1065 580 1135 aliud
595 1074 688 1134 certo
710 1063 870 1132 concludi
893 1075 1005 1154 potest
1022 1087 1125 1155 quam
1150 1065 1323 1154 Meleagro
1348 1077 1380 1134 et
1398 1066 1477 1134 Phi-

254 1186 348 1277 lippo
374 1184 623 1276 epigrammata
644 1180 792 1250 Archiae
820 1181 875 1249 vel
900 1203 1022 1272 parum
1048 1190 1143 1264 nota,
1168 1181 1224 1249 vel
1243 1181 1336 1248 haud
1360 1181 1477 1270 magni

256 1301 347 1370 lacta
366 1300 487 1385 luisse,
517 1297 702 1389 Byzantios
727 1319 770 1365 ex
796 1306 953 1387 separata
973 1319 1041 1387 qua
1060 1296 1325 1367 continebantur
1346 1297 1477 1387 sylloge

257 1418 387 1508 optima
403 1437 559 1506 quaeque
576 1413 708 1482 eruisse
725 1433 734 1479 ι
752 1411 844 1504 quod
861 1411 999 1502 quidem
1011 1412 1149 1482 illorum
1156 1412 1338 1503 judicium,
1354 1413 1477 1482 horum

257 1532 472 1624 diligentiam
486 1529 610 1621 arguit.
1486 1534 1488 1538 ’

301 1773 395 1852 Vlll.
421 1775 596 1849 Hactenus
611 1777 652 1847 de
675 1775 877 1847 auctoritate
897 1788 930 1847 et
952 1778 1018 1847 lide
1040 1777 1285 1847 Archiacorum
1309 1779 1478 1872 epigram-

259 1907 406 1981 matum;
434 1897 475 1964 de
499 1895 644 1987 poeticis
668 1915 787 1963 eorum
808 1895 940 1963 meritis
958 1893 1031 1986 ipse
1056 1895 1163 1963 lector
1186 1893 1285 1962 facile
1300 1895 1478 1987 judicabit,

260 2010 423 2107 quoniam
436 2021 548 2082 totum
570 2005 814 2102 corpusculum
832 2009 1114 2079 commentationi
1136 2009 1215 2078 huic
1238 2033 1332 2080 meae
1353 2035 1481 2102 appen-

260 2129 410 2200 dendum
433 2126 571 2211 curavi3
602 2127 658 2195 hic
682 2126 765 2196 satis
797 2127 861 2196 crit
883 2149 995 2218 panca
1023 2135 1057 2193 et
1083 2125 1276 2194 necessaria
1303 2125 1478 2195 adnotare.

258 2245 375 2315 Primo
403 2243 540 2336 quidam
571 2242 734 2335 adspectu
766 2239 826 2310 illa
851 2241 1016 2324 carmina,
1050 2239 1208 2333 quamvis
1241 2263 1385 2310 numero
1411 2266 1481 2310 non

260 2360 369 2430 multa
384 2360 463 2443 sint,
481 2357 628 2427 fertilem
644 2357 878 2426 inventionem
894 2357 1013 2425 testari
1026 2356 1197 2441 videntur,
1219 2358 1342 2449 quippe
1359 2358 1482 2448 quibus

260 2473 444 2543 universus
462 2471 546 2540 artis
568 2471 866 2562 epigrammaticae
883 2493 1023 2561 campus
1044 2481 1077 2539 et
1095 2471 1241 2540 varietas
1259 2473 1483 2564 comprehen-

263 2590 361 2659 datur
388 2611 396 2656 :
425 2589 543 2656 insunt
576 2587 669 2655 enim
700 2587 917 2678 sepulcralia,
951 2585 1170 2671 dedicatoria,
1202 2587 1481 2674 demonstrativa,

264 2705 442 2774 amatoria.
461 2703 561 2787 Quod
581 2703 738 2793 improba
753 2725 792 2772 ac
810 2703 940 2772 lasciva
955 2703 1082 2772 frustra
1101 2701 1325 2794 quaesiveris,
1342 2703 1485 2774 laudan-

264 2821 363 2905 dum;
388 2819 479 2911 quod
504 2818 680 2888 mordacia
704 2830 737 2888 et
762 2819 870 2887 risum
895 2819 1081 2902 moventia,
1111 2818 1358 2902 excusandum,
1388 2843 1486 2912 prae-

263 2935 381 3004 sertim
398 2957 476 3004 oum
502 2944 613 3003 totum
638 2935 703 3003 hoc
719 2957 842 3024 genus,
869 2957 936 3025 quo
962 2933 1116 3004 Catullus
1141 2945 1174 3002 et
1194 2935 1358 3005 Martialis
1379 2937 1486 3004 incla-

263 3061 418 3135 ruerunt,
447 3049 587 3119 Graecis
610 3052 897 3142 epigrammatum
922 3049 1156 3118 conditoribus
1181 3051 1208 3118 si
1231 3074 1301 3119 non
1327 3051 1486 3141 ignotum

262 3167 338 3249 fuit,
356 3176 507 3235 attamen
528 3166 619 3256 apud
636 3189 695 3234 eos
711 3165 919 3234 mediocrem
934 3166 1049 3233 locum
1064 3165 1224 3233 obtinuit.
1243 3166 1387 3248 Quodsi
1404 3189 1486 3234 vero

264 3305 337 3350 rem
367 3283 525 3376 proprius
558 3280 761 3371 inspexeris,
794 3280 971 3349 fatendum
1000 3281 1065 3350 erit
1094 3281 1255 3350 Archiam
1287 3281 1486 3350 inventione

263 3399 411 3466 maxime
442 3397 647 3467 claudicare.
676 3398 841 3488 Pleraque
870 3395 961 3465 enim
989 3395 1182 3466 carminum
1211 3420 1352 3465 suorum
1384 3421 1486 3488 argu-

263 3525 379 3582 menta
394 3537 464 3582 non
480 3537 522 3582 ex
537 3537 599 3581 suo
616 3513 746 3599 hausit,¹
760 3536 828 3581 non
844 3536 898 3582 res
915 3513 970 3583 vel
986 3515 1124 3581 allectus
1140 3527 1348 3604 praesentes,
1364 3524 1400 3582 ut
1415 3515 1487 3582 veri

264 3641 386 3721 poetae
403 3630 525 3711 solent,
543 3639 663 3718 sponte
679 3629 859 3719 expressit,
876 3629 936 3696 sed
951 3652 969 3697 e
984 3629 1078 3698 libris
1094 3629 1165 3697 lere
1181 3631 1297 3700 omnia
1311 3642 1487 3701 mutuatus

195 3817 200 3829 ,
267 3754 331 3831 est,
350 3744 505 3835 nihilque
525 3744 618 3812 alind
634 3743 714 3812 fecit
735 3767 838 3834 quam
854 3741 979 3812 tradita
996 3765 1016 3812 a
1034 3745 1267 3837 superioribus
1287 3749 1398 3839 poetis
1414 3749 1486 3817 the·

265 3871 357 3930 mata
382 3883 526 3951 operose
553 3883 749 3950 recoquere.
782 3861 837 3931 Sic
864 3861 954 3928 inter
977 3861 1150 3952 epitaphia
1170 3863 1211 3930 ab
1234 3885 1274 3931 eo
1300 3865 1489 3955 composita

263 3999 334 4045 non
363 3976 519 4044 invenies
549 3976 622 4045 veri
653 3976 800 4067 sepulcri
833 3999 950 4044 veram
983 3978 1090 4045 ullam
1124 3977 1394 4068 inscriptionem,
1428 3980 1509 4048 sed‘

266 4092 395 4160 dudum
424 4091 549 4183 sepulti
575 4092 720 4184 alicujus
743 4091 808 4160 viri
833 4093 948 4160 fictum
977 4093 1130 4183 elogium
1154 4093 1297 4184 (scilicet
1320 4094 1487 4186 Diogenis

266 4207 388 4298 cynici,
406 4206 498 4299 quod
524 4216 700 4298 praeterea
716 4229 759 4274 ex
782 4206 936 4276 Leonida
963 4207 1148 4276 Tarentino
1174 4208 1263 4298 cepit
1275 4210 1297 4299 ¹)
1315 4219 1373 4276 aut.
1390 4212 1486 4300 joco-

269 4346 342 4391 sam
362 4322 595 4391 laudationem
622 4323 766 4414 alicujus
790 4323 880 4391 ferae
906 4323 963 4392 vel
982 4322 1164 4391 familiaris
1183 4323 1362 4410 bestiolae,
1389 4329 1487 4416 cujus

269 4439 404 4527 generis
429 4437 605 4529 singulare
631 4448 664 4506 et
690 4438 943 4529 lepidissimum
965 4440 1140 4530 exemplar
1164 4439 1288 4509 Catulli
1312 4442 1436 4509 Passer
1452 4442 1487 4508 in

267 4553 420 4623 omnium
446 4555 614 4622 memoria
640 4566 713 4638 est;
738 4554 797 4622 sed
817 4555 963 4646 Archias
985 4578 1028 4623 ne
1050 4555 1087 4624 in
1113 4556 1177 4624 hac
1202 4555 1339 4646 quidem
1365 4557 1489 4645 exigua

302 4789 327 4845 l.
343 4787 428 4845 Actu.
446 4787 518 4858 rut,
534 4785 591 4857 Vll,
608 4789 652 4856 68,
673 4787 806 4856 Archiae3
822 4785 878 4855 Vll,
898 4781 944 4851 er,
959 4785 1095 4844 Leonidae
1110 4787 1257 4845 Tarentini.
