3670 5634
804 678 979 744 ..53-

280 847 432 916 historici
456 847 604 938 sonaret)
629 870 644 933 ;
668 848 727 915 scd
751 870 814 939 per
838 845 995 937 orndaqes
1017 844 1223 939 deocnmqae
1250 849 1439 919 ministeria
1471 865 1503 920 et

276 964 472 1056 fabulosam
486 963 729 1032 sententiarum
753 975 958 1030 tormentum
980 962 1257 1054 praecipitandus
1273 978 1320 1034 est
1334 967 1419 1036 liber
1431 969 1501 1061 spi-

277 1082 375 1166 ritus,
386 1093 425 1148 at
435 1082 551 1174 potins
558 1081 703 1172 farreatis
713 1078 824 1147 animi
830 1079 1026 1147 vaticinatio
1037 1093 1202 1171 appareat
1212 1105 1317 1172 qaam
1327 1083 1502 1176 religiosae

278 1195 439 1263 orationis
451 1197 513 1262 sub
528 1193 666 1262 testibus
679 1192 765 1284 fides
777 1195 798 1258 ¹.
814 1194 930 1284 Neque
951 1193 1028 1260 ideo
1044 1193 1171 1262 infitier
1189 1196 1242 1263 vel
1258 1196 1295 1264 iu
1312 1197 1364 1265 his
1383 1200 1502 1288 paucis

276 1310 432 1401 reliquiis
447 1333 533 1404 quas
549 1309 756 1380 Plutarchus
772 1308 920 1377 servavit
930 1308 1155 1378 animadverti
1168 1312 1352 1402 quamdam
1369 1314 1501 1404 ingenii

279 1423 490 1508 exilitatem,
522 1436 623 1516 atque
663 1423 802 1493 easdem
829 1423 1024 1509 machinas,
1060 1423 1218 1516 rubigine
1248 1428 1500 1517 quodammodo

280 1540 457 1626 obductas,
484 1539 671 1609 identidem
698 1537 875 1608 adhiberi:
904 1538 1033 1607 seilicet
1059 1539 1123 1607 sibi
1147 1542 1325 1610 constabat
1341 1546 1498 1630 Archias,

277 1679 411 1726 necnon
429 1657 464 1724 in
489 1655 610 1746 epicis,
639 1655 727 1723 siout
750 1654 786 1722 in
809 1653 1078 1747 epigrammatis,
1096 1655 1303 1726 imitatorem
1327 1682 1363 1727 se
1386 1662 1501 1751 potius

277 1796 379 1865 quam
395 1773 610 1841 inventorem
621 1770 781 1841 ostendit.

319 2003 414 2073 XXI.
435 2002 601 2074 Ultimum
614 2013 770 2095 superest
784 2013 823 2072 ut
835 2003 1114 2088 animadvertam,
1123 2003 1159 2072 in
1172 2005 1345 2075 Plutarchi
1357 2007 1500 2076 Lucullo

277 2119 446 2213 quaedam
461 2119 608 2187 inveniri
625 2142 725 2210 quae,
743 2119 822 2188 licet
836 2143 906 2188 non
921 2120 1055 2213 proprie
1072 2121 1268 2212 prodigiosa
1285 2121 1366 2206 sint,
1383 2131 1498 2190 tamen

277 2233 409 2325 epicam
433 2231 584 2322 speciem
611 2254 692 2324 prae
711 2254 747 2299 se
776 2232 899 2313 ferant,
916 2230 1016 2300 itaut
1039 2232 1093 2301 vel
1118 2234 1172 2303 his
1197 2233 1343 2303 Archiae
1357 2257 1498 2303 manum

275 2350 419 2417 subesse
441 2371 511 2416 non
537 2357 664 2416 temere
692 2348 890 2442 conjeceris.
912 2348 1004 2416 Talis
1027 2357 1078 2416 est
1103 2349 1261 2441 inprimis
1285 2349 1344 2418 illa
1363 2349 1499 2418 Luculli

276 2465 522 2547 adumbratio'‚
542 2486 584 2531 ex
606 2462 725 2549 Iliade,
748 2473 785 2532 ut
806 2464 951 2548 videtur,
973 2481 1165 2556 expressa⁸,
1188 2466 1260 2534 solo
1287 2465 1448 2556 adspectu
1466 2473 1500 2531 et

275 2579 469 2673 praesentia
497 2580 632 2648 territos
665 2581 841 2648 Romanos
867 2580 1068 2664 reficientis,
1100 2581 1285 2648 instantem
1314 2581 1449 2647 hostem
1479 2602 1499 2646 a

277 2697 396 2766 castris
428 2697 585 2766 arcentis.
616 2695 681 2765 Cui
709 2695 886 2785 proximus
913 2695 1042 2764 accedit
1071 2695 1165 2764 locus
1199 2695 1254 2763 ubi
1277 2694 1496 2765 Mithridatici

276 2813 447 2882 exercitus
472 2824 580 2881 terror
603 2835 641 2880 ac
665 2811 748 2903 fuga
762 2811 853 2902 apud
871 2811 1005 2894 Cabira,
1022 2812 1244 2880 vividissimis
1270 2812 1441 2880 coloribus
1464 2820 1497 2877 et

273 2927 476 2995 historicam
495 2926 599 2994 fidem
612 2925 787 2993 interdum
804 2926 967 3014 egressiS,
990 2911 1208 2993 describitur⁴
1227 2947 1234 2993 :
1255 2925 1300 2993 ibi
1324 2924 1416 2992 enirn
1431 2933 1496 2991 tra-

241 3044 245 3051 ’
274 3043 367 3113 ditur
377 3042 559 3134 Dorylaus,
569 3043 637 3110 dux
648 3040 867 3121 Mithridatis,
880 3050 1019 3132 propter
1028 3062 1233 3131 purpuream
1246 3047 1375 3106 vestem
1391 3061 1495 3130 quam

273 3159 415 3252 gerebat
425 3182 445 3227 a
454 3157 617 3226 militibus
628 3158 736 3226 fuisse
749 3155 893 3241 occisus,
903 3179 1005 3249 quem
1015 3166 1132 3225 tamen
1143 3156 1275 3239 Strab0‚
1284 3154 1494 3223 certissimus

273 3285 393 3346 auctor
407 3286 441 3344 et
455 3275 558 3364 stirpe
574 3284 755 3366 cognatus,
773 3275 950 3343 confirmat
968 3275 1009 3343 ab
1025 3275 1099 3365 ipse
1115 3297 1196 3365 rege
1213 3282 1351 3365 propter
1365 3273 1496 3341 nefaria
1570 3363 1572 3369 Ι

273 3391 419 3461 consilia
433 3390 599 3484 supplicio
613 3392 772 3460 affectum
788 3390 895 3459 fuisse
907 3401 930 3458 ⁵.
947 3391 1082 3459 Tertius
1097 3390 1243 3481 denique
1258 3391 1355 3457 loeus
1371 3397 1422 3456 est
1437 3388 1495 3456 ubi

272 3519 382 3577 artem
403 3517 523 3598 poetae
546 3513 605 3574 aut
629 3527 791 3598 agnosco,
815 3516 875 3574 aut
896 3527 1083 3600 agnoscere
1107 3503 1190 3571 mihi
1211 3504 1342 3587 videor,
1367 3503 1496 3571 scilieet

273 3623 424 3694 narratio
436 3622 550 3692 caedis
566 3622 739 3714 regiarum
749 3622 911 3714 pellicum
923 3622 1012 3713 apud
1023 3621 1248 3689 Pharnaeiam
1259 3621 1398 3689 factael.
1410 3619 1494 3701 Quis

273 3739 364 3807 enim
385 3749 520 3831 praeter
541 3738 745 3808 Bacchidem
767 3739 964 3807 eunuchum
986 3739 1106 3830 (quem
1126 3736 1390 3806 commentarios
1413 3736 1493 3804 reli-

273 3856 388 3948 quisse
409 3877 511 3924 nemo
533 3854 699 3945 tradidit),
722 3855 798 3945 quis
821 3855 991 3923 audiverit
1014 3853 1200 3922 novissima
1222 3852 1325 3921 verba
1345 3851 1494 3920 infelicis

273 3971 445 4042 Monimae
463 3990 471 4039 :
489 3971 533 4038 Ὢ
550 3977 747 4060 κατηράμενον
763 3977 863 4062 ῥάκος,
883 3977 947 4040 olet
963 3977 1032 4060 πρὸς
1050 3987 1131 4040 τοῦτο
1150 3977 1195 4056 μοὶ
1215 3981 1353 4058 χρήσιμοι
1371 3978 1439 4060 ἕσῃ;
1458 3968 1494 4034 in

273 4087 399 4180 quibus
427 4087 532 4155 etiam
555 4109 720 4154 numerus
745 4087 927 4172 orationis,
950 4086 1124 4177 aliquanto
1147 4108 1250 4176 prosa
1272 4083 1492 4167 modulatior,

308 4321 334 4376 1.
348 4318 472 4389 Petram,
486 4321 585 4388 Setia,
598 4321 659 4376 118.

271 4433 274 4442 ·
305 4401 333 4459 2.
349 4399 435 4468 plut,
450 4403 527 4469 Lao„
545 4401 588 4458 15.

305 4479 333 4540 3.
348 4481 393 4548 lt,
408 4479 495 4548 XVII,
511 4481 564 4536 215
574 4498 616 4554 sq.

306 4561 333 4615 1.
350 4559 437 4628 Plut,
448 4562 528 4630 Lac,
545 4563 587 4620 17.

305 4642 332 4698 5.
349 4639 454 4708 Strab,
470 4641 531 4710 Xll,
547 4659 585 4711 111,
599 4643 644 4702 33.
661 4643 700 4699 Ne
718 4643 892 4700 Mithridates
909 4641 1029 4716 quidem,
1046 4641 1069 4697 si
1088 4640 1228 4697 Memnoni
1253 4639 1418 4696 eredendum
1439 4647 1490 4710 est,

271 4719 334 4776 huic
347 4719 419 4776 eladi
433 4720 564 4777 interfuit.

308 4801 335 4854 6.
350 4799 435 4869 plut,
452 4803 527 4870 Lac,
544 4803 591 4858 18.
