3670 5634
768 565 944 632 ...sp-

290 731 416 802 XVlll.
443 729 520 798 lam
534 729 677 799 verhum
692 753 761 801 non
776 729 922 822 amplius
944 731 1118 811 adderem,
1141 730 1207 798 uisi
1227 728 1470 798 Plutarchiaoa

246 845 383 917 Luculli
413 845 494 915 Vita
522 843 706 936 diligenter
728 846 877 936 perlecta
898 846 983 914 mihi
1007 870 1099 916 nova
1122 844 1276 915 subsidia
1300 843 1470 913 attulisset

245 963 371 1054 quihus
400 961 584 1030 instructus
606 961 754 1030 Archiae
781 984 919 1032 carmen
948 963 1072 1032 melius
1095 984 1351 1054 cognoscerem.
1370 960 1469 1044 Quod

247 1101 340 1147 nuno
357 1078 489 1170 paucis,
511 1078 670 1146 ultimum
694 1101 758 1147 nec
776 1079 959 1147 minimum
985 1102 1123 1164 munus,
1141 1102 1321 1172 exponam.
1341 1078 1470 1147 Rhetor

250 1193 514 1280 Chaeronensis,
539 1194 577 1261 in
602 1193 801 1263 enarrandis
824 1195 959 1264 Luculli
983 1196 1104 1287 gestis,
1129 1199 1227 1288 eujus
1251 1195 1469 1289 potissimum

249 1309 398 1380 auctoris
422 1310 523 1378 fidem
552 1321 689 1379 secutus
713 1310 768 1395 sit,
790 1313 863 1402 jam
887 1311 982 1380 nulla
1001 1321 1053 1380 est
1076 1311 1165 1380 inter
1191 1312 1308 1381 doctos
1333 1319 1468 1380 eoutro-

247 1426 362 1495 versia
382 1447 389 1494 :
410 1425 575 1496 Sallustio
595 1427 690 1494 velut
708 1426 787 1496 duci
804 1449 840 1494 se
858 1426 1007 1512 tradidit,
1028 1451 1095 1519 quo
1120 1427 1274 1520 alioquin
1290 1429 1469 1496 certiorem

248 1543 390 1611 saetisve
405 1541 601 1635 propiorem
614 1551 788 1611 auctorem
799 1539 927 1612 frustra
941 1543 1180 1635 quaesivisset.
1195 1545 1269 1612 lloe
1283 1566 1353 1611 non
1367 1541 1469 1611 modo

251 1668 420 1727 testantur
450 1658 518 1728 duo
545 1657 613 1726 leci
638 1657 675 1726 in
702 1658 826 1750 quibus
858 1659 1062 1728 Plutarchus
1087 1659 1288 1730 Sallustium
1316 1658 1472 1727 nomina-

250 1774 312 1842 tim
336 1774 468 1861 allert¹,
494 1774 555 1842 sed
578 1775 688 1842 multo
713 1774 825 1864 magis
848 1775 947 1865 plura
970 1775 1199 1843 Historiarum
1222 1775 1426 1866 fragmenta,
1452 1795 1473 1842 a

250 1890 482 1982 grammaticis
514 1900 660 1975 servata,
689 1912 777 1983 quae
812 1891 1039 1960 arctissimam
1073 1891 1334 1974 sententiarum,
1365 1891 1471 1958 immo

250 2007 433 2077 verberum
462 2006 723 2098 congruentiam
750 2030 829 2076 eum
854 2006 1106 2078 Plutarchianis
1137 2007 1336 2077 exhihent¹.
1374 2007 1472 2075 Nunc

250 2145 331 2193 vero
360 2123 558 2209 Sallustius,
586 2123 810 2216 gravissimus
839 2146 954 2192 rerum
983 2123 1126 2215 scriptor
1154 2134 1188 2192 et
1215 2122 1473 2215 Thucydideam
1544 2177 1546 2184 .

250 2239 352 2309 fidem
369 2240 561 2310 aemulatus
572 2241 596 2325 ³,
613 2239 768 2332 prodigia
783 2249 817 2308 et
833 2240 1011 2308 mendacia
1026 2240 1152 2331 quihus
1169 2249 1303 2309 veteres
1319 2238 1472 2308 historici

250 2357 451 2449 plerumque
479 2378 535 2424 res
558 2366 712 2424 narratas
738 2379 919 2448 aspergere
949 2357 1074 2440 solent,
1098 2378 1177 2425 cum
1200 2357 1237 2425 in
1262 2354 1414 2426 Catilina
1439 2364 1472 2423 et

142 2560 146 2565 ι
250 2471 430 2563 Jupurtdu,
448 2481 521 2540 tum
534 2472 571 2540 in
587 2471 744 2541 Historiis
758 2473 898 2541 omnino
913 2471 1075 2540 vitavisse
1092 2471 1237 2542 videtur.
1250 2471 1378 2540 Contra
1392 2471 1470 2539 Plu-

118 2583 122 2592 ’
160 2591 162 2598 ’
251 2587 388 2657 tarohus
406 2588 442 2656 in
464 2587 607 2657 Lucullo
626 2588 711 2657 adeo
731 2587 909 2678 portentis,
934 2587 1089 2674 somniis,
1109 2587 1251 2657 deorum
1273 2586 1473 2679 praesentiis

252 2703 408 2796 indulget
430 2713 469 2772 ut
491 2703 549 2771 vix
573 2704 666 2772 aliud
690 2705 764 2794 ejus
790 2703 954 2794 seriptum
979 2703 1105 2772 talihus
1131 2703 1343 2772 ornamentis
1366 2725 1474 2794 aeque

252 2819 416 2888 refertum
440 2820 496 2891 sit.
521 2819 643 2889 Statim
667 2820 759 2888 enim
779 2820 822 2890 ah
846 2818 945 2888 initio
969 2819 1065 2905 helli,
1089 2819 1258 2889 exereitus
1282 2818 1418 2888 Luculli
1442 2828 1476 2887 et

253 2934 459 3004 Mithridatis
469 2939 614 3028 jamjam
629 2937 859 3020 conflicturus,
875 2958 943 3004 non
961 2936 1086 3005 dueum
1102 2934 1295 3027 prudentia,
1312 2935 1371 3003 sed
1388 2934 1476 3026 lapis

253 3049 377 3144 igneus
396 3074 416 3120 a
434 3053 529 3122 eaelo
548 3051 721 3142 delapsus,
747 3051 856 3120 fertur
872 3051 1086 3122 diremisse‘.
1113 3052 1191 3121 Mox
1208 3051 1367 3143 Cyzicum
1384 3050 1475 3119 ohsi-

254 3167 353 3238 dente
379 3166 587 3252 Mithridate,
613 3167 675 3236 hos
699 3168 799 3260 nigre
824 3166 1049 3260 Proserpinae
1074 3167 1253 3248 destinata,
1282 3190 1369 3259 quae
1397 3188 1477 3234 cum

254 3283 394 3375 reliquis
420 3283 546 3352 civium
571 3283 739 3352 armentis
765 3282 800 3350 in
827 3283 986 3374 opposito
1016 3283 1132 3360 littore
1159 3282 1325 3367 alebatur,
1351 3282 1477 3350 fretum

253 3399 399 3468 solemni
417 3399 471 3468 die
487 3399 679 3469 transvisse
697 3398 821 3466 dieitur
837 3408 870 3466 et
886 3408 1004 3492 sponte
1023 3399 1065 3466 ad
1078 3420 1154 3466 aras
1172 3421 1207 3466 se
1223 3397 1477 3488 percutiendam

255 3514 456 3583 obtulisse⁸.
482 3513 553 3582 Nee
578 3514 687 3582 multo
710 3524 801 3605 post,
824 3513 1057 3607 Aristagorae,
1086 3512 1233 3582 civitatis
1258 3513 1388 3582 scribae
1414 3536 1478 3605 pu-

257 3629 360 3716 blico,
374 3631 438 3699 dea
454 3653 515 3721 per
533 3651 674 3698 somnos
689 3629 764 3698 visa
780 3639 842 3713 est,
861 3628 976 3700 dicens
992 3629 1150 3697 aduersus
1164 3629 1341 3697 Ponticum
1356 3627 1477 3696 tubici-

258 3769 336 3815 aem
349 3769 383 3815 se
400 3746 565 3838 Libycum
582 3743 765 3814 tubicinum
781 3747 1042 3836 composueram
1062 3768 1147 3836 quas
1163 3745 1346 3814 verborum
1362 3743 1478 3813 amba·
1575 3773 1580 3782 ·

259 3883 319 3950 ges
334 3871 472 3954 postero
487 3862 542 3932 die
557 3861 680 3952 ingens
695 3862 845 3953 procella
865 3861 1059 3953 explicavit,
1081 3884 1149 3952 qua
1168 3861 1283 3950 regiae
1300 3859 1477 3928 machinae

258 3977 421 4072 disjectae
445 3987 536 4046 sunt.
563 3976 691 4046 Iisdem
715 3977 848 4062 diehus,
868 3977 1022 4066 Minerva
1044 3976 1167 4047 sudore
1189 3998 1347 4059 manans,
1366 3976 1478 4043 lacero

259 4095 377 4186 pallio,
405 4094 589 4166 Iliensibus
616 4093 775 4186 apparuit
802 4093 900 4185 quasi
929 4114 1049 4162 recens
1076 4093 1117 4162 ah
1147 4091 1276 4160 auxilio
1305 4090 1480 4182 Cyzicenis

292 4294 320 4432 ὲ.
336 4290 704 4444 Iiliilh’qiiiii'rie1his3liisius
720 4371 856 4446 disputavi
875 4371 902 4427 in
913 4369 1070 4444 Appendiee
1085 4371 1254 4428 Mithridatis
1272 4371 1431 4442 Eupatoria.

291 4453 318 4512 3.
333 4451 402 4512 Vell.
418 4451 490 4521 ras,
507 4451 651 4524 ll,]xxxv1,
666 4454 693 4510 2.

291 4533 317 4588 4.
332 4532 419 4600 ΡΙυῐ,,
433 4533 512 4600 Lus,
526 4535 554 4589 8.

293 4611 522 4750 δὶιΡΙὶιῑΞὸίυοη
538 4613 581 4672 10.
598 4612 638 4670 Ex
650 4613 796 4674 Plutarcho
812 4611 878 4676 illud
893 4611 1047 4686 prodigium
1062 4611 1144 4669 hahet
1155 4611 1332 4689 Porphyrius,
1346 4616 1384 4670 De
1397 4615 1483 4670 dhsti·

255 4709 358 4762 asom,
387 4735 395 4757 ,
449 4734 455 4748 .

1303 4821 1324 4880 4
