3634 5642
790 655 968 724 -27-

268 835 307 896 ut
332 847 450 920 opera,
472 825 522 895 ita
544 823 687 895 nomina
710 823 840 893 ohlivlo
868 823 1037 916 sepelivit.
1064 823 1161 893 Adeo
1183 845 1261 893 raro
1289 837 1425 918 tempus
1450 827 1494 897 ils

267 943 376 1034 parcit
391 957 479 1036 quac
500 943 575 1010 sine
597 950 753 1032 tempore
771 941 877 1009 liunt!
897 941 1106 1010 interiorunt
1122 963 1210 1030 quae
1230 940 1385 1010 Lucilius
1404 955 1495 1011 stone

263 1059 352 1151 pede
373 1060 409 1128 in
428 1079 495 1126 uno
515 1057 695 1140 dictavit¹3
715 1057 849 1124 Horatii
874 1056 1012 1127 curiosa
1034 1055 1177 1125 felicitas
1198 1056 1282 1124 vivit
1299 1065 1496 1128 aeternum·

268 1199 334 1269 que
349 1176 456 1244 vivet.

312 1395 357 1467 Il.
385 1395 596 1467 Graecorum
610 1393 668 1488 qui
682 1395 720 1466 iu
732 1397 798 1465 hoc
811 1417 937 1488 genere
951 1397 1186 1482 excelluerint,
1203 1396 1379 1464 neminem
1392 1395 1492 1467 video

267 1509 531 1582 commemorari
551 1519 629 1580 ante
653 1511 830 1582 Maracum
852 1511 1089 1603 Syracosium,
1117 1512 1158 1580 de
1180 1533 1248 1604 quo
1277 1511 1313 1580 iu
1327 1511 1495 1582 Aristote-

265 1629 341 1697 licis
357 1625 581 1696 Problematis
601 1627 730 1696 mentio
754 1626 866 1696 obiter
884 1627 1073 1718 injicitur¹.
1095 1627 1161 1696 Hic
1179 1628 1325 1696 traditur
1344 1629 1494 1718 optimos

265 1765 388 1814 versus
403 1765 481 1812 cum
495 1741 850 1834 (ureretcondidissc,
867 1744 929 1812 scd
949 1765 1060 1836 neque
1078 1749 1173 1812 aetas
1197 1743 1361 1828 hominis,
1381 1766 1493 1836 neque

266 1859 446 1952 ingenium
461 1859 548 1930 'satis
570 1859 744 1944 delinitur,
765 1867 798 1927 et
820 1859 923 1938 fuerit
938 1860 1082 1928 forsitan
1104 1859 1219 1951 potius
1239 1859 1371 1928 ultimis
1390 1862 1494 1944 ἀοιδοῖς
1573 1951 1575 1957 A

266 1999 368 2067 quam
390 1975 511 2066 primis
535 1979 795 2066 αὒιοοχεδιαστατς,
823 1975 881 2067 qui
906 1975 1043 2066 proprie
1063 1975 1233 2058 dicuntur,
1260 1995 1492 2045 annumeran-

265 2093 341 2160 dus.
363 2091 482 2160 Altero
507 2101 624 2160 autem
648 2103 682 2160 et
701 2092 812 2184 primo
838 2102 916 2161 ante
941 2091 1117 2160 Christum
1141 2088 1271 2173 sesnin,
1297 2089 1334 2156 in
1358 2092 1491 2180 graecis

264 2203 483 2292 Phoeniciae,
509 2209 642 2300 Syriae,
661 2211 798 2280 Ciliciae
815 2209 972 2292 urbibus,
988 2208 1115 2277 mirum
1130 2213 1182 2274 est
1198 2214 1408 2296 quantopere
1425 2207 1492 2275 hoc

263 2323 479 2393 artificiolum
509 2321 730 2411 increbuerit,
763 2327 812 2396 ita
840 2334 878 2394 ut
902 2324 994 2416 apud
1017 2326 1204 2394 Tarsenses
1229 2334 1302 2395 tota
1328 2334 1422 2394 secta
1437 2304 1490 2392 ⁴ac

262 2439 445 2533 disciplina
473 2441 760 2532 extemporalium
789 2451 968 2533 poctarum
1000 2439 1172 2510 exstitisse
1199 2442 1366 2511 videatur.
1396 2441 1490 2508 Inter

261 2578 349 2648 quos
371 2555 521 2624 maxime
547 2555 707 2625 laudatur
734 2555 798 2626 Bio
827 2556 967 2648 quidam
991 2555 1247 2646 trcqoedr'orum
1276 2556 1486 2625 Tarsensium

260 2693 349 2763 quoe
365 2669 547 2739 ἅὶσιιιιιιιν1
563 2671 719 2763 scriptor,
736 2695 817 2742 mox
834 2671 989 2742 Boethus
1000 2673 1193 2757 Tarsensis,
1208 2674 1319 2743 malus
1337 2683 1371 2742 et
1384 2680 1486 2763 poeta

259 2797 292 2855 et
311 2785 408 2872 civis,
426 2787 484 2879 qui
501 2787 547 2856 M.
564 2787 706 2857 Antonii
725 2787 895 2858 triumviri
916 2787 1143 2880 Philippicam
1158 2789 1339 2858 victoriam
1359 2787 1483 2860 cecinit

209 2913 212 2924 ·
257 2912 303 2988 et,
322 2903 489 2972 Strabone
506 2912 604 2987 teste,
623 2903 772 2994 insignis
784 2901 974 2973 habebatur
987 2903 1090 2972 insita
1105 2906 1319 2976 Tarsensibus
1333 2908 1483 3000 repenti-

255 3039 377 3084 norum
394 3017 582 3086 carminum
594 3017 785 3111 facultate·
797 3041 805 3101 ;
820 3019 886 3087 luit
897 3017 1043 3110 denique
1056 3019 1177 3090 ecdem
1191 3021 1267 3092 loco
1281 3034 1316 3092 ct
1329 3033 1483 3115 tempore

255 3131 430 3220 Diogenes
456 3129 596 3224 quidam
619 3133 847 3226 philosophus
868 3135 927 3227 qui
946 3158 1066 3206 versus
1090 3139 1291 3233 plerumque
1314 3141 1481 3232 tragicos,

254 3267 472 3337 quocumque
496 3255 700 3337 argumento
725 3248 912 3340 proposito,
939 3261 1103 3347 tauquam
1122 3253 1294 3348 Apollinis
1317 3257 1482 3327 instinctu

254 3361 456 3446 concitatus,
473 3362 696 3453 pronuntiare
711 3367 945 3440 assueverati.
967 3370 1044 3438 Jam
1062 3372 1091 3440 si
1110 3375 1154 3442 ad
1168 3373 1393 3442 Phoenicium
1408 3397 1481 3443 res-

252 3475 489 3566 pexeris,inde
500 3477 667 3548 oriundus
676 3480 930 3574 iuitAntipater
939 3484 998 3554 ille
1008 3486 1184 3574 Sidonius,
1193 3489 1480 3580 epigrammatum

253 3591 446 3662 uberrimus
462 3593 617 3664 conditor
632 3596 842 3684 eliminator,
856 3602 956 3691 ouJus
970 3602 1125 3672 multaiu
1138 3605 1343 3696 Antholoqia
1357 3629 1480 3698 praeca

253 3707 666 3780 carminacxstant.Vixit
675 3712 706 3780 is
715 3711 1027 3785 mcdioetexeunte
1038 3718 1233 3789 altercante
1243 3720 1321 3791 Chr.
1330 3723 1477 3808 seculot,

287 3966 313 4021 1.
330 3965 409 4037 Hor„
424 3969 496 4036 Set,
512 3969 534 4032 1,
550 3987 587 4038 nr,
603 3969 682 4027 8-ll.

284 4048 313 4104 2.
328 4045 426 4116 Arist,
442 4051 536 4120 Proh,
552 4049 639 4119 XXX,
657 4054 683 4108 1.

285 4128 312 4186 3.
334 4127 427 4200 Diog.,
443 4131 545 4197 Laert,
556 4128 604 4200 IV,
615 4131 650 4186 58
664 4149 671 4187 ε
686 4127 790 4196 ποιητὴς
804 4135 944 4204 τραγῳδίας
956 4145 1005 4188 τῶν
1018 4137 1154 4205 Ταρσικῶν
1168 4139 1309 4206 λεγομένοιν
1321 4139 1414 4213 (luerit
1427 4141 1478 4198 hoe

250 4207 324 4279 quod
336 4207 502 4264 recentiores
517 4209 603 4265 Italici
619 4212 767 4268 commedio
781 4215 844 4269 dell'
858 4222 918 4272 orte
931 4219 1180 4293 nuncupaverunt).

285 4287 312 4342 l.
330 4286 434 4357 Strab.,
447 4289 522 4356 XlV,
537 4307 565 4359 v,
582 4290 615 4345 tl
631 4308 638 4346 ι
654 4287 670 4355 ἡ
687 4291 803 4359 εὐχέρεια
816 4289 832 4357 ἡ
848 4297 1037 4355 ἐπιπολάζουσα
1051 4298 1119 4366 παρὰ
1135 4311 1188 4359 τοῖς
1202 4302 1354 4371 Ταρσεῦσιν.

283 4367 311 4426 5.
325 4365 437 4436 Strsb.,
452 4368 527 4434 XIV,
544 4387 571 4437 v,
590 4373 634 4428 15.
889 4377 899 4402 ⁸

285 4447 312 4504 6.
327 4445 463 4520 Antipatri
487 4449 655 4522 epitaphium
671 4451 781 4525 scripsit
802 4453 939 4527 Meleager
954 4455 1119 4516 Gadarensts
1135 4461 1232 4534 (Anth.
1249 4465 1320 4527 Pol,
1333 4463 1391 4534 Vll,
1413 4463 1475 4534 428)

248 4541 330 4598 quem
345 4525 508 4584 scholiastes
523 4528 552 4583 in
568 4529 635 4586 Cod.
657 4531 756 4599 Pelet,
772 4549 800 4605 p.
816 4535 861 4601 82,
877 4543 997 4594 testatur
1013 4539 1085 4595 circa
1104 4557 1206 4597 annum
1225 4543 1261 4600 95
1281 4551 1344 4600 ante
1362 4543 1412 4600 Ch.
1425 4543 1475 4600 llo-

246 4605 337 4662 ruisse
350 4604 476 4680 (ἥιιμασει
491 4603 531 4660 ἐπὶ
545 4609 670 4662 Σελεύκου
685 4620 729 4664 τοῦ
745 4605 877 4686 ἐσχάτου).
893 4615 1037 4674 Praeterea
1056 4619 1153 4676 ambos
1164 4628 1261 4695 poetas
1275 4623 1331 4679 iere
1346 4625 1475 4698 aequales

246 4684 334 4742 foisse
347 4685 478 4742 discimus
497 4705 532 4744 ex
550 4689 611 4762 ipsa
624 4689 757 4763 Meleagri
773 4693 940 4766 praelatione
962 4697 991 4752 iu
1014 4715 1069 4772 qua
1082 4699 1225 4777 Antipater
1244 4701 1343 4760 dicitur
1357 4704 1475 4768 φοίνισσα

247 4765 292 4820 νέα
305 4765 401 4833 κύπρος
414 4768 514 4841 (Anrt.
528 4770 600 4840 Pet,
617 4769 664 4840 IV,
680 4789 701 4841 1,
721 4773 778 4842 42).
