3670 5634
886 645 1061 712 -62-

362 821 519 900 scriptum
539 823 597 892 est,
619 817 703 878 sicut
724 833 864 895 sequens
884 817 1051 895 Damageti
1066 815 1160 898 (App.
1177 815 1285 888 Plan„
1303 817 1363 897 95),
1379 819 1412 878 in
1434 838 1583 901 magnam

361 922 504 980 statuam
515 914 661 976 Herculis
676 913 849 975 cumleone
859 913 1037 992 pugnantis
1047 931 1129 996 quae
1142 912 1243 974 Ovidii
1253 916 1455 992 temporibus
1465 917 1580 996 (Ouid,

359 1015 429 1078 Art.
446 1023 554 1085 amat,
572 1014 596 1089 1,
614 1010 663 1092 68)
680 1013 798 1072 Romae
822 1014 900 1082 erat,
920 1015 1033 1088 postea
1052 1015 1162 1071 autem
1180 1011 1322 1090 Byzantii
1340 1011 1451 1092 (Nicet.
1467 1017 1580 1092 Chon.‚

360 1113 407 1174 De
428 1113 525 1194 siquis
551 1110 723 1183 Constant,
747 1127 779 1188 p.
798 1114 867 1181 861,
884 1107 999 1190 Bonn).
1024 1109 1102 1169 Cum
1125 1113 1234 1170 autem
1259 1110 1454 1189 Damagctus
1479 1118 1583 1175 aetate

359 1211 512 1290 Philippi,
538 1209 690 1269 Demetrii
714 1203 781 1279 tilii,
807 1207 1017 1268 Macedonum
1041 1207 1137 1286 regis,
1162 1206 1317 1276 floruerit,
1343 1208 1510 1285 probabile
1534 1214 1584 1274 est

358 1311 448 1372 illam
462 1312 604 1370 statuam
619 1325 659 1367 ex
678 1325 794 1386 graeca
812 1305 921 1384 aliqua
942 1303 1020 1364 urbe
1037 1306 1169 1365 Romam
1186 1305 1352 1366 advectam
1367 1307 1478 1368 fuisse.
1495 1309 1584 1371 Cete-

359 1427 431 1469 rum
446 1406 583 1467 similem
601 1404 740 1482 effigiem
753 1403 908 1464 exhibent
924 1402 1032 1478 plures
1048 1402 1184 1476 nummi,
1197 1421 1335 1481 quorum
1346 1406 1584 1482 praestantissi-

361 1525 443 1576 mus,
459 1503 631 1565 Heracleae
654 1519 751 1563 cusus
766 1499 818 1582 (ci.
845 1500 942 1573 Head,
960 1498 1100 1559 Historia
1120 1519 1295 1576 numerum,
1314 1520 1345 1582 p.
1363 1500 1425 1579 59),
1442 1506 1584 1564 statuam

360 1605 539 1682 exprimere
552 1601 693 1674 videtur;
711 1599 817 1678 potuit
831 1597 932 1677 igitur
946 1599 1030 1659 hauc
1046 1597 1191 1668 Archias,
1204 1597 1280 1657 dum
1294 1599 1465 1662 Heracleae
1482 1620 1585 1663 mora-

358 1704 466 1774 batur,
484 1700 632 1760 versibus
645 1697 838 1760 describere.
856 1696 943 1758 Idem
959 1700 1188 1776 argumentum
1205 1695 1307 1757 fusius
1321 1698 1470 1759 tractavit
1484 1699 1584 1760 Theo

356 1802 469 1876 crituS‚
484 1795 598 1880 Idytt„
620 1799 667 1856 25.

943 2123 991 2190 Xl

620 2303 698 2367 [ΕΙΣ
723 2299 966 2352 ΑΦΡΟΔΙΤΗΝ
992 2300 1316 2363 ΑΝΑΔΥΟΜΕΝΗΝ)

534 2458 633 2524 Absint
647 2459 680 2522 ἐκ
694 2461 804 2522 πόντοιο
818 2462 1003 2542 τιθηνητῆρος
1026 2452 1178 2543 Ἀπελλῆς

576 2566 628 2632 τὰν
644 2565 753 2649 Κύπριν
768 2564 875 2648 γυμνὰν
893 2561 950 2630 εἶδε
965 2569 1172 2648 incoepero,

533 2677 581 2740 καὶ
597 2678 674 2742 τοίαν
690 2676 826 2752 ἐτύπωσε,
844 2674 991 2758 διάὸροχον
1004 2673 1104 2748 ὕδατος
1120 2668 1198 2760 ἀφρῷ

576 2787 727 2848 θλίὸουσαν
742 2786 881 2865 θαλεραῖς
894 2784 987 2866 χερσὶν
1000 2786 1040 2846 ἔτι
1054 2785 1214 2862 πλόκαμον,

393 3066 430 3124 Ν.
448 3064 481 3125 C.
498 3063 583 3146 App.
603 3064 709 3141 Plan.²
730 3086 784 3145 ¹79
798 3063 850 3144 (ex
864 3063 946 3123 libro
961 3061 1012 3142 IV)
1030 3081 1037 3122 :
1055 3067 1094 3142 εἰς
1106 3070 1136 3132 τὸ
1150 3069 1230 3131 αὐτὸ.

391 3209 482 3269 Exru.
509 3209 545 3268 ln
569 3208 811 3270 celeberrimam
833 3207 954 3285 Apellis
976 3205 1122 3268 tabulam
1136 3225 1234 3286 quam
1254 3227 1273 3270 a
1294 3209 1365 3269 Cois
1381 3227 1439 3287 pro
1455 3208 1577 3269 tributo

351 3308 518 3383 acceptam
534 3307 696 3386 Augustus
719 3306 839 3368 dicavit
860 3305 893 3364 in
912 3303 1047 3364 delubro
1068 3306 1171 3382 patris
1188 3305 1342 3367 Caesaris
1363 3305 1577 3366 Tritissimum

352 3402 463 3464 thema
483 3404 752 3484 epigrammatum
776 3402 998 3466 conditoribus
1019 3407 1177 3465 memorat
1208 3404 1332 3464 Plinius
1349 3403 1482 3484 (XXXV,
1500 3401 1551 3483 91)
1570 3422 1576 3461 :

353 3500 487 3560 uersibus
500 3503 616 3582 praecis
640 3500 697 3562 tali
713 3520 813 3586 opere,
835 3501 908 3562 dum
929 3497 1089 3578 laudator,
1106 3501 1185 3562 uicto
1202 3500 1254 3562 sed
1273 3500 1443 3562 illustrate.
1462 3502 1579 3580 Super-

349 3604 426 3658 sunt
450 3599 684 3679 epigrammata
707 3601 864 3662 Leonidae
885 3600 979 3682 (App.
1002 3597 1107 3674 Plan„
1146 3599 1222 3681 182),
1245 3601 1406 3684 Antipatri
1428 3599 1494 3681 (tu,
1521 3603 1575 3679 178

349 3697 573 3769 :Ausonius
600 3697 681 3782 Ep,
710 3699 789 3779 106),
811 3699 982 3761 Democriti
1008 3697 1079 3778 (td,
1111 3696 1194 3778 180).
1217 3698 1352 3758 Archiae
1379 3715 1509 3761 carmen
1533 3714 1571 3756 ex

352 3795 514 3874 Antipatri
531 3814 718 3875 expressum
735 3801 794 3869 est,
808 3798 864 3859 sed
880 3798 1008 3860 videtur
1020 3799 1054 3857 in
1069 3797 1132 3857 line
1145 3796 1296 3857 mutilum
1311 3813 1391 3868 esse,
1404 3795 1459 3858 ubi
1477 3795 1571 3856 solita

353 3894 552 3971 comparatio
568 3912 641 3955 cum
657 3896 796 3956 Minerva
811 3900 844 3956 et
857 3897 984 3958 Junone
1001 3895 1214 3958 desideratur.

922 4299 988 4367 ΧΗ

661 4475 743 4538 [utu
767 4477 1246 4542 arcusarcuauoutcrt]

520 4627 636 4705 Μοϋνος
652 4636 867 4715 ἐναιρομένοισιν
886 4639 1051 4718 ὑπέρμαχος
1065 4631 1286 4714 desiderabam,

558 4741 636 4818 νηυσὶ
651 4741 738 4824 βαρὺν
754 4739 875 4825 Τρώων,
890 4737 978 4820 Αἶαν,
996 4745 1109 4822 ἔμεινας
1124 4744 1215 4826 ἄρην·
