3634 5642
751 690 929 756 ..29-

228 855 300 922 Alii
322 878 359 922 se
382 864 476 922 totos
498 853 647 944 exiguae
667 855 719 922 illi
738 855 927 924 industriae
946 856 1165 940 dediderunt,
1186 883 1333 951 quorum
1352 891 1454 952 puape-

227 979 340 1060 τεχνίαν
351 992 423 1038 non
437 969 553 1061 inepte
568 970 693 1061 aliquis
709 993 788 1039 cum
803 972 950 1062 gemmis
966 973 1161 1064 Pyrgotelis
1179 985 1214 1042 et
1227 975 1452 1062 Dioscuridis,

226 1087 283 1153 vel
303 1108 382 1154 eum
403 1085 646 1154 minutissimis
663 1097 698 1154 et
720 1087 1001 1178 exquisitissimis
1026 1088 1135 1180 signis
1157 1091 1341 1160 contulerit
1365 1115 1453 1185 quae

226 1201 424 1271 Callicrates
446 1213 505 1270 aut
524 1201 750 1292 Myrmecides
772 1203 1007 1272 caelaverunt.
1032 1206 1120 1271 Aliis
1145 1205 1358 1297 epigramma
1376 1220 1454 1276 tau·

226 1318 403 1386 tummodo
424 1317 522 1386 lusus
545 1317 611 1385 fuit
632 1328 667 1386 et
690 1318 789 1410 quasi
812 1316 966 1409 ingeniis
988 1321 1177 1410 majoribus
1202 1322 1293 1390 curis
1316 1323 1450 1392 relaxa-

225 1432 274 1501 tio
293 1454 302 1501 :
320 1434 409 1502 inter
425 1457 513 1526 quos
533 1434 637 1502 etiam
657 1433 802 1501 Archias
824 1444 943 1502 noster
962 1435 1192 1505 recensendus
1210 1460 1286 1506 esse
1303 1437 1452 1507 videtur.

225 1546 450 1638 Praecipuum
473 1549 565 1616 enim
585 1548 638 1615 illi
662 1549 790 1616 famam
815 1547 954 1616 heroica
977 1549 1129 1618 carmina
1152 1565 1453 1641 comparaverunt,

225 1664 476 1756 epigrammata
498 1667 573 1754 ejus
597 1687 700 1732 nemo
724 1663 853 1746 laudat,
877 1663 937 1732 vix
964 1665 1005 1734 ab
1030 1687 1070 1733 eo
1097 1664 1168 1733 ulla
1192 1668 1320 1758 scripta
1344 1668 1453 1736 fuisse

224 1780 432 1849 contendere
456 1779 619 1848 auderem
642 1779 710 1847 nisi
735 1790 884 1848 exstaret
907 1780 1073 1848 disertum
1094 1779 1268 1851 Ciceronis
1295 1783 1452 1851 testimo·

224 1895 335 1980 nium,
359 1896 451 1987 quod
475 1893 667 1964 exscribere
689 1918 812 1986 operae
835 1895 984 1986 pretium
1010 1895 1129 1964 duco:
1153 1897 1302 1977 Roscius,
1323 1897 1449 1990 inquit,

224 2033 303 2079 cum
321 2024 403 2079 esset
418 2011 456 2079 in
470 2009 648 2079 cunabulis
661 2010 930 2102 educareturque
944 2012 981 2078 in
1001 2010 1138 2079 Solonio
1154 2014 1231 2104 (qui
1247 2027 1296 2080 est
1309 2036 1449 2105 campus

223 2127 301 2217 apri
312 2127 510 2217 Lanuuini),
525 2140 627 2195 noctu
641 2126 771 2195 lumine
786 2127 939 2218 adposito
959 2141 1154 2218 experrecta
1165 2130 1283 2196 nuttrie
1295 2129 1450 2198 ammud-

224 2243 325 2311 v'ertit
340 2266 494 2334 puerum
518 2243 743 2311 dormientem
766 2241 1063 2334 circumplicatum
1089 2246 1250 2336 serpentis
1277 2246 1449 2337 untplceu.

227 2361 301 2440 Quo
316 2357 477 2450 adprectu
495 2357 657 2426 exter-rita
670 2357 854 2426 clamorem
866 2357 1018 2448 {sustulit
1037 2361 1137 2426 Pater
1152 2372 1269 2427 autem
1283 2361 1396 2428 Roscii
1407 2360 1456 2428 ud

222 2473 416 2564 haruspices
429 2473 561 2542 rettulit
574 2475 638 2565 qui
650 2473 894 2566 responderunt
907 2473 997 2542 nibil
1012 2473 1072 2541 illo
1088 2497 1196 2565 perere
1215 2475 1349 2560 clarius,
1366 2475 1457 2544 nibil

223 2590 370 2658 nobilius
387 2591 478 2682 sore.
494 2595 607 2681 Atque
622 2590 709 2658 bunc
728 2591 873 2682 speciem
892 2590 1071 2658 Pasiteles¹
1090 2590 1235 2659 caelavit
1252 2606 1405 2682 eruente,
1420 2605 1454 2660 ct

223 2720 335 2776 noster
354 2709 516 2799 cupressit
530 2707 670 2775 Arcbtizs
691 2707 871 2776 uersibus'.
888 2707 1070 2792 Pasiteles,
1089 2707 1148 2798 qui
1168 2708 1224 2776 hic
1242 2709 1450 2790 nominatur,

138 2881 143 2890 .
223 2822 378 2914 sculptor
392 2833 427 2892 et
441 2824 592 2892 caelator
605 2822 752 2914 insignis
770 2824 833 2891 tuit
853 2823 1097 2892 Ciceronianae
1118 2823 1253 2908 aetatis,
1270 2825 1328 2916 qui
1349 2825 1452 2892 etiam

223 2939 375 3031 quinque
399 2938 577 3008 volumina
595 2939 772 3008 Nobilium
792 2962 932 3030 operum
952 2962 973 3006 a
993 2938 1107 3007 Plinio
1128 2937 1283 3007 adhibita
1301 2939 1449 3032 reliquit.

223 3055 324 3124 Hunc
345 3055 491 3124 fortusse
507 3056 657 3124 fatorum
677 3055 846 3147 quaedam
869 3054 1058 3122 similitudo
1083 3055 1229 3124 Archiae
1253 3055 1449 3146 conjunxit;

223 3181 326 3240 natus
350 3171 502 3240 enimin
526 3171 652 3263 Magna
676 3171 820 3241 Graecia
844 3181 916 3238 erat
940 3179 974 3238 et
998 3149 1078 3240 cuin
1101 3170 1196 3239 illius
1218 3193 1298 3240 orae
1318 3171 1451 3264 oppidis

224 3287 361 3356 civitate
379 3310 522 3358 romana
537 3288 682 3357 donatus
702 3297 754 3356 est
765 3288 789 3356 ⁸.
806 3286 903 3356 Certe
919 3287 1065 3356 Archias
1082 3311 1153 3356 non
1173 3297 1367 3380 separatum
1380 3311 1452 3358 car-

222 3425 303 3470 men
321 3403 362 3471 de
379 3402 495 3473 Roscii
508 3403 606 3494 pueri
621 3403 873 3472 bistoriunctda
887 3401 1007 3486 edidit,
1024 3402 1086 3470 sed
1100 3402 1227 3494 potius,
1241 3412 1279 3469 ut
1289 3424 1365 3471 mos
1379 3413 1451 3471 erat

223 3517 318 3586 illius
337 3519 459 3587 aetatis
481 3518 606 3612 poetis,
627 3541 688 3587 vas
713 3529 916 3607 argenteum
942 3541 970 3587 a.
986 3517 1134 3586 Pasitele
1158 3519 1340 3600 caelatum,
1359 3519 1452 3611 quod

224 3634 310 3702 banc
330 3635 481 3726 speciem
502 3633 727 3726 exprimebat,
746 3633 967 3724 longiusculo
983 3634 1231 3726 epigrammate
1252 3632 1447 3704 illustravit.

224 3748 279 3820 Sic
293 3748 378 3819 olim
392 3749 490 3819 Plato
504 3749 655 3819 nobilem
673 3748 816 3819 Diodori
838 3759 993 3841 sstymm
1006 3749 1044 3819 in
1058 3749 1176 3841 phiala
1190 3748 1361 3820 caelatum
1374 3772 1451 3818 ver-

225 3865 319 3934 sibus
334 3865 528 3934 semulatus
542 3876 594 3933 est
604 3866 628 3932 ⁴.

267 4092 326 4164 IV.
344 4093 493 4164 Unicum
505 4093 572 4164 hoc
586 4093 734 4164 Archiae
746 4094 973 4186 epigramma,
990 4115 1011 4163 a
1028 4093 1191 4164 Cicerone
1206 4100 1446 4176 memoratum,

261 4335 287 4390 l.
303 4335 377 4392 Libri
394 4338 563 4402 Preniteles;
574 4338 699 4394 eumdem
712 4354 831 4394 errorem
845 4335 957 4394 exbibet
971 4335 1089 4402 Plinius,
1102 4331 1227 4396 XXXVI,
1245 4329 1290 4387 3l.

258 4417 286 4471 2.
302 4415 371 4483 Cic,
386 4419 425 4473 De
439 4419 620 4484 divinatione,
635 4419 655 4485 I,
672 4435 764 4485 xxxvi,
777 4419 814 4472 79
827 4419 872 4490 (de
886 4435 916 4472 re
929 4417 991 4490 ipsa
1004 4416 1040 4473 cl.
1057 4416 1092 4486 ll,
1108 4431 1185 4482 xxxi,
1201 4412 1259 4483 66).
1274 4409 1393 4481 Serpens
1407 4411 1450 4461 est

225 4493 307 4550 draco
321 4496 491 4562 Lanuvinus,
507 4499 608 4554 lunoni
624 4499 750 4570 Sospitae
761 4515 849 4568 sacer,
864 4498 962 4571 dequo
974 4497 1077 4553 merito
1092 4497 1122 4552 bt
1132 4495 1204 4567 apud
1218 4490 1399 4563 Propertium,
1413 4485 1449 4576 IV

224 4574 310 4642 (Mutt.
328 4577 373 4649 V),
389 4580 557 4651 v111,3sq.;
576 4579 730 4650 Aelianum,
748 4582 823 4636 ttut.
847 4583 946 4648 enirn,
966 4578 1015 4646 XI,
1038 4579 1081 4645 tu,
1097 4584 1125 4632 et
1143 4577 1170 4629 iu
1191 4571 1309 4628 nummis
1324 4569 1355 4624 L.
1372 4569 1449 4641 Papu

224 4654 305 4726 Celsi,
320 4655 353 4712 L.
368 4657 462 4714 Roscii
477 4657 584 4716 Fabati.

258 4736 285 4790 3.
302 4735 418 4805 Plinius,
435 4742 506 4799 Risi.
522 4747 592 4809 nut,
607 4741 732 4811 XXXVI,
745 4743 790 4798 39.

263 4817 287 4876 t.
302 4821 390 4876 Antlt.
405 4822 466 4879 Pul.
484 4821 538 4894 (ed.
550 4819 655 4893 otuu),
670 4820 733 4878 XVI
748 4820 903 4896 (Appendix
918 4820 1081 4894 Plauudea),
1094 4819 1157 4876 2⁴8.
