3670 5634
832 638 1008 708 ..22-

309 803 397 894 Agis
412 804 576 894 Argivus,
590 804 694 874 Cleon
709 805 857 888 Siculus,
870 805 1095 882 Aeschrion¹;
1109 827 1198 897 quos
1216 804 1325 878 secuti
1337 805 1533 896 Antigonus

312 919 489 1008 Carystius
512 942 630 1011 regem
649 921 902 1012 Antipatrum²,
927 921 1124 993 Simonides
1155 920 1298 1012 Magnes
1325 921 1531 993 Antiochum

313 1031 503 1116 Soterem³,
529 1033 691 1103 Musaeus
715 1044 748 1102 et
771 1034 957 1106 Leschides
988 1055 1087 1122 reges
1111 1034 1358 1124 Pergamenos,
1384 1034 1532 1126 denique

313 1147 511 1215 Heraclides
523 1149 665 1236 Magnes
680 1149 913 1219 Mithridatem
927 1151 1147 1240 Eupatorem,
1160 1148 1363 1222 Theodorus
1377 1151 1532 1242 reginam

312 1262 527 1353 Cleopatram
534 1264 742 1334 carminibus
750 1263 1159 1337 decoraverunt.lllorum
1168 1265 1532 1357 igiturartemquando

310 1378 456 1447 Archias
466 1379 610 1451 Romam
622 1381 806 1451 transferre
821 1381 1042 1470 excogitavit,
1054 1403 1094 1450 eo
1106 1381 1278 1471 acceptior
1289 1381 1455 1452 Romanis
1469 1382 1535 1450 fuit

310 1494 403 1585 quod
424 1494 515 1585 apud
539 1495 638 1580 illud,
655 1505 693 1566 ut
705 1497 754 1566 ita
769 1496 894 1582 dicam,
911 1498 1070 1588 jejunum
1087 1496 1268 1572 hominum
1284 1518 1406 1586 genus,
1423 1496 1532 1566 histos

310 1609 393 1692 rica,
408 1610 514 1681 immo
533 1610 665 1681 annalis
680 1612 795 1704 poesis
813 1633 948 1703 semper
962 1611 1143 1684 inhonore
1159 1610 1236 1695 fuit,
1254 1611 1402 1686 Romani
1418 1622 1532 1682 autem

312 1723 415 1794 duces
437 1727 648 1815 poeticarum
666 1726 807 1799 laudum
833 1749 969 1816 semper
989 1726 1183 1795 avidissimi
1197 1726 1423 1796 exstiterunt:
1443 1729 1534 1819 quod

311 1850 495 1932 utrumque
516 1842 599 1910 satis
626 1851 794 1914 testantur
810 1841 926 1922 Ennii,
943 1842 1069 1922 Hostii,
1090 1841 1200 1925 Accii,
1218 1841 1365 1912 aliorum
1385 1843 1535 1912 celeber-

310 1955 400 2024 rima
427 1957 589 2026 carmina.
618 1957 769 2027 Sullanis
805 1979 886 2029 vero
917 1957 1141 2048 temporibus,
1173 1958 1408 2026 Romanorum
1439 1958 1536 2050 epioe

310 2073 424 2163 poesis
447 2073 532 2141 adeo
555 2074 692 2163 jacebat
707 2083 746 2142 ut
767 2076 839 2164 jam
861 2073 904 2144 ad
929 2075 1101 2164 Hispanos
1127 2083 1246 2165 poetas
1260 2089 1271 2122 ⁴
1286 2083 1320 2147 et
1341 2073 1536 2144 hordeariae

308 2189 471 2256 rhetores⁸
488 2189 634 2256 Metellis
651 2198 686 2257 et
700 2190 818 2259 Mariis
841 2199 933 2258 esset
953 2188 1234 2281 confugiendum.
1261 2189 1324 2256 His
1344 2191 1534 2258 carminum

309 2304 572 2374 fabricatoribus
600 2305 747 2380 Archiae
772 2306 884 2380 facilis
908 2314 943 2373 et
973 2304 1204 2396 grandiloqua
1227 2305 1326 2377 Musa
1349 2327 1431 2380 mcx
1454 2306 1534 2374 cali-

309 2419 426 2508 ginem
454 2419 608 2493 obduxit.
641 2421 819 2496 Sermonis
839 2443 921 2493 vero
951 2420 1179 2513 peregrinitas
1201 2429 1334 2490 tantum
1363 2421 1472 2490 abfuit
1496 2430 1535 2493 ut

307 2535 452 2628 inceptis
473 2538 547 2628 ejus
563 2546 714 2620 noceret,
733 2547 771 2610 ut
788 2546 907 2609 contra
920 2537 1008 2610 nihil
1024 2558 1103 2606 eum
1120 2536 1234 2626 magis
1251 2535 1533 2607 ambitiosissime

308 2650 431 2742 cuique
457 2651 714 2720 commendaret
730 2678 740 2738 ς
758 2649 901 2734 scilicet,
920 2660 959 2719 ut
974 2651 1022 2726 ait
1037 2649 1168 2734 Cicero,
1192 2672 1316 2740 praeca
1344 2663 1419 2726 tam
1445 2651 1534 2744 lepe-

311 2767 438 2835 baatar
450 2767 487 2836 ia
499 2767 654 2836 omnibus
665 2769 738 2860 sere
753 2767 922 2860 gentibue,
936 2767 1042 2841 latae
1052 2764 1122 2840 suis
1136 2764 1274 2858 finibus,
1291 2765 1423 2866 eripuis
1439 2790 1533 2852 suae,

298 2882 594 2956 ,coatr'aebaatar⁶.

349 3115 441 3192 XIII.
474 3117 523 3184 De
547 3115 658 3207 primo
673 3117 822 3192 Archiae
840 3115 1006 3203 carmine,
1024 3115 1156 3192 scilicet
1179 3116 1363 3203 Cimbrico,
1384 3140 1427 3186 ex
1444 3117 1535 3194 Cice-

306 3231 401 3300 ronis
422 3232 575 3301 oratione
596 3232 680 3308 haec
705 3241 839 3302 tanturn
854 3233 1084 3322 comperimus
1107 3253 1115 3306 :
1135 3236 1197 3301 Res
1213 3232 1397 3305 Cimbricas
1415 3232 1501 3303 adal
1520 3274 1533 3284 -

304 3370 398 3414 secas
418 3347 536 3438 attipz't
547 3359 580 3416 et
598 3349 662 3440 ipsi
679 3348 735 3422 illi
751 3350 788 3418 C.
804 3349 925 3431 Maria,
941 3348 1003 3440 qui
1019 3347 1135 3416 damur
1155 3348 1203 3418 ad
1213 3348 1296 3418 daec
1311 3348 1425 3417 stadia
1440 3348 1535 3420 aide-

307 3461 419 3544 batur,
441 3460 621 3552 jacandas
641 3462 713 3556 sat't
727 3467 749 3530 ⁷.
776 3461 866 3532 Illud
883 3484 951 3553 quo
972 3461 1075 3537 modo
1096 3461 1169 3531 fieri
1190 3463 1341 3553 potuerit
1363 3463 1535 3538 nonsatis

311 3576 481 3668 intelligo,
510 3578 538 3652 si
564 3601 696 3661 revera,
724 3587 760 3650 ut
788 3577 953 3652 traditum
983 3587 1047 3663 est,
1075 3577 1202 3652 Marius
1228 3579 1397 3651 sermonis
1421 3579 1534 3670 graeci

311 3714 451 3783 prorsus
466 3694 608 3783 ignarus
621 3694 725 3768 fuerit
738 3695 761 3763 ⁸.
782 3694 942 3764 Ceterum
963 3694 1055 3764 idem
1075 3704 1315 3784 argumentum
1335 3695 1442 3764 latino
1460 3718 1535 3765 car-

312 3809 404 3877 mine
434 3810 610 3879 inchoavit
636 3811 690 3881 vel
719 3819 944 3882 tractaturum
975 3833 1011 3878 se
1040 3809 1199 3902 promisit
1226 3809 1266 3880 L.
1298 3810 1447 3896 Plotius,
1476 3813 1534 3904 qui

311 3925 442 4015 primus
458 3927 588 3999 Romae
606 3926 812 3996 rhetoricam
826 3925 932 3999 latine
948 3925 1075 4016 docuit,
1092 3947 1192 3998 carus
1209 3927 1252 3996 cb
1266 3926 1355 4004 hano
1371 3949 1467 4018 spem
1484 3928 1535 3999 illi

348 4194 373 4254 l.
394 4193 427 4264 Q.
444 4192 565 4261 Curtius„
580 4193 654 4262 VIII,
669 4194 695 4250 5.

346 4276 374 4333 2.
388 4273 559 4340 Athenaeus,
576 4273 623 4337 III,
639 4289 667 4346 p.
687 4273 722 4328 82
738 4271 770 4330 Β.

346 4355 373 4413 3.
390 4354 430 4408 De
444 4352 490 4409 illc
501 4358 529 4409 et
543 4352 655 4426 reliquis
669 4351 704 4409 cl.
722 4351 845 4421 Snidam,
861 4369 884 4410 s.
902 4370 931 4409 v.

347 4435 374 4492 t.
389 4435 442 4489 Pro
453 4435 568 4502 Archia,
583 4432 617 4501 X,
632 4434 677 4490 26.

345 4514 373 4570 5.
389 4514 442 4568 Pro
455 4513 569 4583 Archia,
586 4513 632 4586 IX,
644 4513 689 4568 20.
707 4512 748 4570 ct.
765 4511 938 4584 Suetonium,
959 4515 997 4570 De
1010 4513 1053 4570 at.
1070 4513 1153 4582 rtet,
1175 4514 1200 4570 l.

346 4593 374 4648 6.
389 4594 443 4647 Pro
458 4593 572 4660 Archia,
587 4592 622 4660 X,
638 4593 683 4652 23.

346 4675 373 4728 7.
388 4673 442 4727 Pro
456 4672 570 4742 Archia,
584 4671 632 4736 IX,
654 4671 698 4728 19.

347 4753 374 4808 8.
390 4751 548 4819 Sallustius,
569 4755 647 4829 lug,
662 4754 715 4822 853
732 4752 817 4820 etot,
833 4753 917 4821 Mor,
927 4753 955 4808 2.
