3670 5634
862 698 1041 766 ..60-

522 867 620 930 θίατυα
636 867 688 946 μὲν
702 865 797 948 Δᾶμίς
814 871 922 951 θηρῶν,
939 867 1056 954 Πίγρης
1070 869 1103 934 δὲ
1115 877 1242 949 πετηνῶν

561 976 751 1054 λαιμοπέθας,
769 973 905 1060 Κλείτωρ
918 971 944 1040 θ’
959 975 1131 1061 είναλίροιτα
1143 981 1229 1042 λίνα·

456 1084 476 1139 5
520 1074 560 1144 ῶν
577 1083 625 1146 τὸν
640 1083 692 1161 μὲν
707 1084 756 1146 καί
770 1087 883 1159 ἐσαῦθις
899 1085 929 1148 ἐν
943 1085 1020 1168 ἠέρι,
1031 1087 1081 1150 τὸν
1094 1079 1121 1150 θ’
1135 1089 1175 1149 ἔτι
1189 1089 1268 1166 θείης

568 1191 704 1273 εὔστοχον
719 1191 748 1254 ὲν
763 1194 867 1274 πόντῳ,
883 1193 931 1256 τὸν
943 1193 975 1256 δὲ
988 1191 1063 1257 κατὰ
1076 1195 1225 1276 δρυόχους.

942 1407 964 1470 2

525 1544 684 1636 Ἀγραόλιρ
696 1554 764 1618 τάδε
776 1551 855 1618 Πανί
868 1557 1001 1639 βιαριιέος
1015 1557 1113 1631 ἄλλος
1125 1550 1174 1619 ἀπ’
1191 1557 1287 1634 ἄλλης

567 1661 699 1740 αόθαιμοι
711 1662 814 1745 τρισοοί
828 1664 906 1746 δῶρα
918 1665 1106 1743 λινοστααίης,

522 1763 639 1850 Πίγρης
652 1767 704 1846 μὲν
717 1768 865 1854 θειραχθὲς
880 1771 1014 1854 ἐόόροχον
1027 1767 1110 1852 ἅμμα
1123 1777 1261 1848 πετανῶν,

566 1870 662 1954 Δᾶμις
675 1869 700 1938 θ’
718 1879 864 1956 θλονόμων
877 1880 974 1942 δίκτυα
986 1880 1178 1963 τετραπόδων,

459 1985 478 2038 5
524 1981 612 2066 ἄρκυν
625 1975 652 2045 δ’
666 1981 795 2047 εἷναλίων
811 1981 947 2068 Κλείτωρ
960 1990 1067 2070 πόρεν·
1085 1980 1129 2060 οἷς
1141 1985 1174 2049 σὺ
1189 1979 1224 2050 δι’
1240 1988 1339 2070 αἴθρας

567 2091 615 2153 ααί
631 2091 776 2174 πελόγευς
788 2092 837 2154 καί
850 2100 905 2175 γᾶς
919 2095 1042 2177 εὔστοχα
1057 2097 1153 2172 πέμπε
1165 2096 1242 2158 λίνα.

943 2303 963 2367 3

520 2443 619 2510 Ταῦτά
631 2471 673 2511 σοι
688 2450 722 2512 ἔτι
734 2441 759 2509 τ’
775 2448 876 2532 ὁρέων,
890 2452 924 2513 ἔτι
938 2444 965 2514 τ’
983 2449 1110 2535 αίθέρος,
1127 2454 1161 2514 ἔτι
1176 2473 1207 2513 τε
1220 2449 1366 2522 θαλάσσας

565 2564 642 2637 τρεῖς
655 2556 757 2636 γνωτοί
768 2560 877 2640 τέχνας
891 2560 1032 2636 σύμόολα,
1049 2554 1128 2632 Πὰν,
1143 2561 1242 2621 ἔθεσαν
1257 2581 1263 2594 ·

522 2671 611 2725 ταῦτα
624 2662 675 2741 μὲν
688 2661 818 2726 είναλίων
834 2662 971 2749 Κλείτωρ
985 2668 1063 2742 λίνα,
1079 2675 1160 2729 κείνα
1175 2666 1207 2729 δὲ
1222 2663 1336 2749 Πίγρης

566 2766 685 2844 οἰωνῶν,
704 2766 797 2851 Δᾶμις
813 2769 849 2836 τίι
861 2775 941 2856 τρίτα
955 2776 1155 2857 τετραπέδων·

460 2878 479 2933 5
523 2870 566 2951 οἷς
581 2871 642 2956 ἅμα
656 2881 833 2963 χερσαίῃσιν,
849 2873 900 2958 ἅμ’
916 2882 1041 2966 ἠερίησιν
1054 2881 1083 2944 ἐν
1097 2882 1213 2964 ἄγραις,

575 2979 698 3069 Ἀγρεῶ,
715 2981 765 3064 ἅμ’
780 2986 811 3050 ἐν
828 2989 969 3066 πλωταῖς,
985 2990 1027 3064 ῶς
1042 2988 1119 3071 πρίν,
1136 2983 1248 3071 ἀρωγὸς
1263 2990 1312 3050 ίθι.

946 3192 965 3254 ό

527 3330 680 3417 Τρίζυγες,
700 3335 868 3418 οίιρεοίοιτιε,
883 3341 1048 3420 κασίγνητοι
1065 3339 1132 3402 τάδε
1143 3344 1245 3422 τέχνας

569 3441 664 3515 ἄλλος
676 3435 725 3505 ἀπ’
739 3436 863 3519 ἀλλοίας
880 3447 922 3508 σοί
937 3446 1034 3522 [λίνα],
1052 3442 1133 3522 Πὰν,
1150 3448 1263 3521 ἔθεσαν,

526 3545 624 3611 καὶτὰ
642 3548 692 3628 μὲν
705 3548 819 3634 όρνίθων
836 3548 963 3636 Πίγρης,
979 3551 1059 3617 τὰδὲ
1075 3554 1170 3616 δίκτυα
1183 3556 1275 3635 θηρῶν

575 3651 683 3736 Δᾶμις,
703 3661 718 3721 ό
734 3657 765 3720 δὲ
778 3656 911 3744 Κλείτωρ
926 3658 1056 3723 εἷναλίων
1069 3663 1189 3743 ἔπορεν·

467 3767 485 3820 5
530 3767 585 3826 τῶν
599 3768 614 3827 ό
631 3763 682 3844 μὲν
699 3769 729 3827 ἐν
745 3768 918 3850 ξυλόχοισιν,
936 3761 989 3832 ὁδ’
1005 3769 1126 3854 ἡερίηοιν
1138 3768 1167 3832 ἐν
1181 3769 1282 3852 ἄγραις

574 3867 645 3947 αἰὲν,
662 3875 677 3935 ό
693 3865 719 3935 δ’
735 3873 764 3937 ἐν
778 3875 900 3957 πελάγει
913 3877 1049 3959 εθοτοχον
1064 3877 1155 3960 ἄρχυν
1170 3879 1243 3960 ἔχοι.

395 4125 431 4186 N.
449 4125 482 4187 C.
498 4124 549 4186 Ad
577 4127 606 4188 ί.
624 4126 717 4189 Ααῑίι.
736 4127 823 4204 Pal„
838 4130 890 4204 Vl,
910 4135 946 4190 ιθ
961 4148 969 4190 :
990 4126 1032 4203 είς
1047 4128 1078 4191 τὸ
1100 4127 1169 4191 αὐτὸ
1190 4121 1328 4210 Ἀρχίου·
1344 4131 1384 4208 τῷ
1402 4121 1482 4187 Πανί
1501 4122 1578 4208 παρὰ

355 4233 439 4311 τριῶν
460 4223 588 4312 ἆθελρῶν
610 4231 715 4295 ἁλιέων
730 4231 806 4316 (sic).
829 4270 866 4282 -
884 4236 938 4298 Ad
959 4238 1077 4310 2.v11‚
1102 4259 1157 4318 179
1174 4255 1182 4299 ε
1201 4230 1332 4314 ἀνάθημα
1345 4236 1384 4317 τῷ
1405 4230 1482 4295 Πανὶ
1500 4228 1578 4315 παρὰ

355 4342 438 4421 τριῶν
459 4333 588 4420 ἀδελφῶν
611 4341 763 4422 θηρευτῶν.
780 4379 820 4388 -
840 4343 892 4405 Ad
913 4346 946 4406 3.
966 4345 1019 4417 VI,
1047 4348 1101 4405 180
1121 4363 1128 4406 :
1148 4340 1188 4416 εἰς
1205 4342 1237 4404 τὸ
1256 4341 1326 4404 αὐτὸ
1346 4350 1396 4404 τοῦ
1418 4338 1516 4402 αὑτοῦ.
1540 4376 1579 4388 -

355 4446 405 4509 Ad
427 4449 462 4510 4.
482 4448 535 4524 vl,
555 4453 607 4509 ¹81
628 4468 635 4511 :
653 4445 693 4522 είς
705 4448 739 4511 τό
754 4447 822 4512 αὑτό
837 4460 885 4513 τοῦ
901 4447 998 4513 αὺτοῦ.
1017 4487 1056 4498 -
1069 4452 1107 4512 V.
1126 4472 1153 4512 υ.
1170 4452 1245 4514 eod.
1265 4470 1272 4512 :
1289 4449 1332 4512 σοί
1348 4447 1426 4511 τάδε.
1449 4447 1580 4511 Correaei

355 4557 423 4637 (Cp.
442 4556 492 4630 VI,
511 4556 588 4637 184).
606 4560 734 4622 Brunck
753 4577 760 4621 :
776 4561 859 4641 γέρα,
876 4562 970 4624 male.

397 4711 486 4774 Ειινι.
505 4712 588 4774 Haec
609 4716 764 4791 quattuor
783 4713 1019 4793 epigrammata
1037 4713 1147 4774 thema
1167 4711 1294 4773 variant
1306 4713 1375 4791 jam
1396 4730 1417 4774 α
1437 4710 1579 4774 Leonida

356 4807 422 4888 (Vl,
445 4809 492 4890 13)
508 4814 541 4871 et
554 4811 723 4891 Antipatro
739 4811 871 4873 Sidonio
886 4811 950 4892 (VI,
970 4813 1016 4893 τά)
1030 4813 1215 4874 tractatum.
