3634 5642
803 625 959 690 ..5-

267 799 507 870 conviviorum
530 795 688 868 stolidam
705 791 999 887 magnificentiam
1011 795 1035 879 ¹,
1052 801 1111 862 aut
1126 791 1315 862 medicinae
1334 789 1490 859 difficiles

263 934 377 1003 nugas
387 909 409 983 ³.

311 1133 353 1204 V.
382 1135 469 1212 Cum
490 1133 598 1225 igitur
617 1131 822 1202 Antiochiae
840 1137 914 1225 jam
927 1134 1024 1204 nulla
1046 1143 1138 1202 esset
1153 1133 1277 1202 studiis
1292 1132 1490 1202 liberalibus

270 1248 450 1330 securitas,
468 1270 567 1318 rarus
582 1247 732 1338 ingeniis
746 1248 870 1332 honos,
885 1249 1064 1318 constituit
1081 1248 1239 1334 Archias,
1259 1271 1361 1340 quam
1380 1248 1489 1317 fortu-

267 1387 347 1434 nam
370 1363 463 1433 domi
485 1364 613 1432 frustra
628 1362 909 1455 exspectavisset,
927 1364 1011 1432 foris
1029 1387 1204 1457 quaerere.
1222 1365 1341 1435 Solum
1356 1375 1490 1434 mutare

269 1481 366 1572 Syris
391 1479 602 1566 hominibus,
629 1478 833 1569 praesertim
861 1479 982 1568 doctis,
1011 1502 1187 1574 nunquam
1212 1504 1316 1572 grave
1348 1481 1487 1549 visum:

268 1606 372 1665 testes
402 1595 583 1687 Antipater
615 1594 790 1679 Sidonius,
825 1595 1034 1665 Posidonius
1066 1597 1284 1689 Apamensis,
1320 1597 1492 1685 Meleager

268 1711 550 1798 Palaestineusis,
570 1710 761 1780 Antiochus
780 1711 991 1796 Ascalonita,
1010 1735 1092 1782 mox
1112 1713 1280 1782 Publilius
1295 1713 1402 1804 Syrus
1418 1713 1491 1782 Ma-

267 1826 441 1918 niliusque
454 1825 646 1894 Antiochus
662 1835 696 1894 et
706 1836 754 1895 tot
770 1825 838 1894 alia
854 1826 1009 1918 ejusdem
1026 1827 1133 1897 seculi
1148 1828 1300 1920 ingenia,
1314 1849 1400 1921 quae
1415 1848 1491 1918 pro·

267 1944 323 2012 cul
345 1966 366 2012 a
385 1942 496 2033 patria
522 1943 614 2012 diem
642 1965 842 2034 supremum
871 1942 1041 2015 obierunt.
1067 1945 1119 2013 Ne
1141 1942 1335 2012 errabunda
1351 1943 1491 2035 quidem

267 2058 351 2144 vita,
389 2081 491 2151 quam
533 2067 611 2130 ἅδιον
648 2069 707 2146 βίον
740 2058 912 2128 Leonidas
947 2059 1152 2128 Tarentinus
1186 2070 1362 2152 nuncupat
1372 2061 1396 2141 ³,
1434 2061 1490 2128 isti

268 2175 448 2244 hominum
472 2176 590 2266 generi
612 2175 797 2245 admodum
816 2175 982 2267 displicet,
1005 2185 1122 2267 utpote
1146 2176 1342 2246 etiamnunc
1361 2176 1490 2267 aliquid

268 2292 348 2382 vagi
363 2314 385 2360 a
400 2291 590 2384 majoribus
605 2302 783 2384 acceptum
801 2292 975 2361 retinenti.
995 2292 1156 2362 Ceterum
1166 2295 1241 2383 jam
1260 2314 1300 2360 eo
1323 2303 1489 2385 tempore,

269 2405 305 2474 in
332 2406 491 2476 omnibus
523 2407 648 2476 insulis
679 2417 781 2499 atque
816 2408 886 2476 oris
917 2408 1047 2500 Aegaei
1078 2407 1198 2491 maris,
1229 2408 1492 2477 inveniebantur

268 2533 389 2617 poetae
405 2523 596 2592 esurientes
610 2533 642 2593 et
656 2523 787 2614 veguli,
803 2546 845 2591 ex
858 2522 1001 2591 diversis
1015 2522 1178 2594 Graeciae
1193 2523 1364 2616 Asiaeque
1378 2523 1492 2614 regio-

269 2639 371 2708 nibus
396 2639 547 2722 oriundi,
577 2639 648 2732 qui,
676 2639 815 2708 sedibus
839 2639 993 2719 incertis,
1022 2650 1124 2730 prout
1150 2639 1248 2708 favor
1271 2639 1408 2708 urbium
1434 2649 1494 2708 aut

199 2785 200 2788 ¹
270 2756 435 2825 feriarum
455 2753 572 2847 aliqua
596 2754 796 2824 solemnitas
816 2777 876 2824 eos
891 2754 1107 2836 sollieitabat,
1125 2754 1192 2824 huo
1211 2755 1293 2823 illuc
1316 2755 1491 2846 ingenium
1560 2837 1567 2852 .

269 2894 371 2942 suum
400 2881 434 2940 et
463 2893 593 2940 meroes
627 2871 779 2963 poeticas
808 2871 1084 2940 transvehebant.
1116 2870 1260 2939 Illorum
1289 2871 1491 2940 memoriam

270 2988 407 3057 decreta
420 2986 594 3079 lapidibus
609 2986 720 3055 incisa
731 2987 899 3054 nonnulla
911 2997 1145 3072 servaverunt,
1159 2987 1283 3078 quibus
1296 2986 1491 3071 laudantur,

271 3103 419 3197 exempli
439 3103 562 3193 gratia,
585 3103 781 3172 Demoteles
797 3102 959 3188 Andrias,
980 3102 1178 3194 Amphiales
1198 3103 1330 3188 Delius,
1353 3103 1494 3171 Ariston

270 3220 514 3306 Phocaeensis,
539 3221 668 3312 Dymas
694 3219 857 3306 Iasensis,
883 3219 1104 3288 Dioscurides
1128 3219 1319 3306 Tarsensis,
1348 3219 1494 3309 denique

272 3335 491 3427 Smyrueusis
507 3335 624 3404 nescio
648 3357 736 3427 quae
755 3333 900 3427 poetria,
917 3335 973 3403 cui
995 3334 1114 3403 Irenae
1137 3334 1300 3404 nomen⁸.
1323 3331 1401 3417 Qui,
1419 3332 1491 3401 ubi-

271 3474 418 3544 cumque
442 3450 686 3533 consistebant,
712 3450 863 3542 pceticas
891 3449 1109 3519 recitationes
1137 3458 1171 3517 et
1199 3449 1346 3534 scholas,
1368 3470 1494 3538 magno

271 3568 602 3657 doctorum,maguo
613 3567 829 3635 indoctorum
841 3589 1010 3635 concursu
1021 3565 1201 3634 instituere
1212 3564 1379 3648 solebant,
1391 3587 1494 3656 paea-

271 3707 349 3769 uas,
381 3683 627 3778 dithyrambos,
658 3682 794 3775 aliaque
820 3682 964 3750 deorum
988 3681 1215 3774 religionibus
1239 3680 1497 3750 accommodata

272 3801 395 3894 raptim
411 3821 629 3891 componere,
643 3799 735 3891 ipsas
748 3799 852 3867 urbes
865 3799 922 3867 vel
935 3798 1087 3867 nobilem
1099 3798 1250 3891 aliquem
1263 3797 1384 3882 civem,
1396 3799 1496 3887 cujus

273 3916 423 4009 hospitio
438 3916 549 3988 ornati
563 3915 711 3999 fueraut,
729 3915 939 3984 carminibus
954 3913 1137 3983 celebrare.
1156 3915 1248 3984 Haeo
1267 3914 1382 3983 omnia
1395 3935 1494 4003 prae·

274 4033 363 4102 senti
386 4032 496 4128 pretio
521 4031 660 4118 fiebant,
691 4054 768 4101 eum
798 4030 884 4102 aliae
910 4032 1013 4100 urbes
1042 4035 1196 4122 προξενίαν
1224 4031 1279 4100 vel
1307 4028 1493 4112 civitatem,

274 4149 362 4222 aliae
390 4171 536 4220 coronas
564 4170 687 4218 aureas
712 4148 903 4233 laureasve‚
928 4148 1116 4217 nonnullae
1140 4146 1322 4237 pecuniam
1349 4143 1498 4212 nzunmis

310 4358 335 4412 l.
358 4355 533 4424 Posidonius,
550 4355 582 4412 ir.
599 4356 643 4421 31,
659 4356 704 4422 33,
719 4355 754 4410 36
769 4351 842 4410 Muti.

308 4439 337 4496 2.
360 4438 518 4493 Theriacum
548 4435 676 4491 Antiochi
702 4432 894 4489 philometoris
918 4433 958 4499 (b.
984 4450 1009 4488 e.
1035 4432 1145 4506 Grypi),
1173 4431 1208 4486 ab
1232 4431 1353 4487 Eudemo
1372 4429 1497 4487 versibus

275 4517 470 4591 conscriptam,
487 4515 606 4572 servavit
621 4514 750 4582 Galenus,
766 4514 907 4584 Antidot„
924 4513 949 4569 ll
961 4512 1015 4583 bis,
1031 4531 1059 4587 p.
1073 4515 1127 4569 452
1141 4512 1220 4584 (Vide
1233 4511 1267 4568 ad
1282 4511 1384 4568 calcem
1402 4514 1496 4568 Poeto-

276 4615 338 4654 rum
357 4597 547 4663 bucolicorum,
562 4597 612 4650 Did
631 4641 637 4665 ,
652 4597 682 4650 ‘2³
697 4610 771 4667 pars,
788 4611 814 4665 p.
828 4595 884 4665 93).

312 4679 339 4737 3.
360 4679 446 4734 Antlt.
461 4677 609 4744 Pat.‚V11,
628 4677 692 4731 715.

312 4762 339 4818 t.
361 4757 430 4815 Vide
444 4757 636 4833 inscriptiones
651 4756 777 4813 collectas
793 4756 818 4809 in
834 4754 905 4813 uult.
922 4770 992 4812 corr.
1010 4753 1251 4824 tett.‚)t111‚2tt.
