3634 5642
862 643 1040 710 ..10-

342 811 440 880 mani'
461 811 619 902 usurpari
638 810 766 891 soleut;
793 808 1017 880 Lucullorum
1041 819 1157 880 autem
1181 811 1326 883 fratrum
1345 824 1466 886 neuter
1487 827 1565 886 anta

341 929 470 999 bellum
480 927 749 998 Mithridaticum
760 926 999 1014 magistratum
1009 925 1118 994 ullum
1129 926 1398 1020 obtinuitnequa
1409 931 1564 1006 obtinere

341 1044 451 1134 potuit
466 1044 489 1112 ¹.
505 1043 633 1114 Contra
646 1043 686 1112 L.
704 1041 870 1112 Lucullos
886 1050 993 1131 pater,
1010 1064 1050 1110 ao
1066 1041 1287 1131 potissimum
1307 1065 1398 1115 anno
1421 1069 1488 1136 quc
1502 1049 1564 1116 Ar÷

341 1159 437 1227 ahias
448 1160 592 1227 Romam
609 1157 785 1246 ingressus
801 1165 865 1239 est,
880 1165 1019 1246 praetor
1031 1179 1109 1227 cum
1125 1157 1271 1248 imperio
1288 1169 1458 1251 almagno
1469 1186 1564 1232 axor-

341 1273 412 1344 citu
427 1273 462 1342 in
479 1272 645 1356 Siciliam,
668 1271 711 1339 ad
726 1272 854 1340 bellum
869 1271 992 1342 servile
1013 1271 1317 1362 exstinguendum,
1331 1283 1382 1343 est
1397 1277 1524 1347 missus
1539 1281 1562 1352 ².

341 1387 454 1478 Hujus
473 1388 512 1456 iu
526 1387 666 1455 cohorte
688 1385 860 1477 praetoria
873 1385 979 1455 fuisse
995 1386 1171 1469 Archiam,
1189 1387 1247 1479 qui
1263 1409 1318 1455 res
1334 1390 1376 1460 ab
1391 1413 1432 1459 co
1447 1402 1563 1482 gestas

342 1503 552 1575 carminibus
562 1502 764 1585 illustraret,
777 1501 923 1571 libenter
938 1501 1125 1576 crederem.
1141 1503 1232 1572 Sane
1249 1504 1386 1575 obstant
1396 1507 1501 1578 verba
1516 1509 1562 1581 M.

342 1620 445 1692 Tullii
465 1620 546 1688 sotis
569 1619 667 1709 leupo
690 1615 893 1700 intervallo,
921 1617 983 1686 sed
1009 1616 1094 1687 hacc
1118 1617 1173 1688 vel
1198 1621 1387 1690 memoriae
1411 1622 1566 1696 dafeotm

342 1744 494 1820 excusat,
510 1734 566 1804 vel
586 1734 723 1804 animus
742 1733 889 1824 patroni,
918 1753 1043 1802 causae
1066 1734 1182 1825 magis
1206 1757 1314 1824 quam
1329 1738 1467 1808 veritati
1494 1749 1566 1810 stu.

343 1853 481 1922 dentis:
504 1850 634 1919 scilicet
654 1849 794 1940 pigebat
812 1849 964 1938 profiteri
985 1848 1147 1920 Archiam
1175 1850 1335 1943 auspiciis
1352 1861 1386 1923 at
1399 1851 1564 1928 beneficio

343 1967 494 2038 hominis
509 1966 680 2058 pessimae
695 1973 797 2034 notae
813 1962 949 2037 initium
969 1964 1126 2034 fortunae
1142 1965 1279 2034 fecisse.

387 2196 446 2264 XI.
464 2196 636 2278 Ceterum,
653 2195 682 2262 si
706 2193 851 2262 Archias
872 2215 992 2261 revera
1016 2192 1161 2262 Iliadem
1190 2193 1379 2284 scripturus
1411 2195 1566 2265 Siciliam

344 2312 486 2396 adierat,
517 2310 673 2380 destituit
696 2319 833 2402 poetam
863 2309 1034 2400 promissa
1062 2309 1236 2378 materies.
1267 2311 1355 2380 Nam
1386 2312 1565 2396 Lucullus,

343 2425 461 2517 paucis
477 2447 637 2518 prospere
653 2423 772 2514 gestis,
791 2423 827 2491 in
842 2422 1031 2494 obsidendo
1053 2425 1178 2522 oppido
1199 2426 1471 2500 Triocaliuorum
1495 2428 1567 2496 Iru-

345 2552 415 2611 stra
428 2564 567 2632 operam
582 2541 746 2630 perdidit:
763 2562 845 2608 mox
859 2560 915 2606 res
931 2539 1080 2626 trahere,
1108 2563 1234 2612 vexare
1254 2541 1379 2624 socios,
1405 2542 1565 2638 denique,

344 2666 517 2749 comperto
528 2657 564 2728 C.
578 2655 773 2743 Servilium,
789 2676 1024 2725 successorem
1035 2654 1099 2724 sibi
1108 2656 1265 2742 missum,
1278 2659 1564 2754 appropinquare,

344 2775 495 2844 dimissis
523 2772 702 2857 militibus,
738 2796 865 2864 aggere
904 2772 1096 2858 combusto,
1129 2773 1316 2864 expilatam
1356 2775 1568 2865 provinciam

344 2888 662 2959 stomachabundus
676 2888 815 2980 reliquit
826 2890 848 2957 ³.
871 2888 998 2956 Verum
1016 2909 1036 2956 a
1053 2887 1200 2956 Servilio
1220 2912 1351 2980 augure
1367 2892 1570 2985 repetunda-

345 3030 422 3076 rum
442 3029 523 3074 reus
541 3008 664 3089 iactos,
682 3029 761 3076 cum
784 3007 858 3098 ipse
881 3005 1095 3090 Numidicae,
1119 3007 1219 3096 cujus
1239 3026 1392 3076 sororem
1413 3006 1567 3090 duxerat,

340 3127 461 3216 juvare
473 3147 551 3192 cum
562 3123 761 3192 testimonio
772 3130 947 3190 recusaret
956 3124 980 3202 ⁴,
993 3120 1113 3188 exsilio
1126 3120 1381 3190 damnationem
1393 3123 1564 3193 anteivit⁵.

343 3240 423 3308 Jam
446 3262 525 3308 cum
548 3239 705 3312 indubio
729 3239 773 3306 sit
795 3261 863 3329 quo
883 3244 996 3328 pactu,
1015 3257 1083 3326 quo
1100 3236 1243 3304 consilio
1269 3237 1435 3306 Lucullus
1454 3261 1473 3306 e
1489 3261 1569 3331 pro-

345 3355 459 3424 vincia
483 3378 546 3424 sua
571 3356 678 3424 redux
707 3355 909 3423 Heracleam
934 3351 1067 3424 venerit
1089 3352 1267 3442 (oppidum
1297 3363 1370 3422 erat
1395 3353 1568 3440 Lucania,

344 3471 481 3539 colonia
505 3471 781 3553 Tarentinorum,
805 3470 848 3538 ad
872 3467 1002 3540 flumen
1030 3466 1135 3554 Sirin,
1164 3491 1182 3536 e
1210 3470 1328 3547 Sicilia
1351 3469 1571 3540 venientibus

343 3588 462 3678 procul
486 3597 580 3655 extra
605 3587 697 3657 viam
721 3586 899 3677 positum),
927 3586 1019 3655 haud
1044 3586 1158 3676 inepte
1183 3585 1322 3677 quidam
1352 3586 1572 3676 conjecerunt

344 3701 547 3779 Heracleam
568 3703 618 3772 illi
642 3726 712 3771 non
735 3701 989 3786 diverticulum,
1012 3702 1072 3770 sed
1089 3701 1250 3772 exsilium
1269 3701 1388 3770 fuisse.
1406 3699 1507 3782 Quod
1530 3723 1571 3769 eo

381 3964 406 4020 1.
429 3962 530 4021 Lucius
547 3969 675 4036 quaestor
694 3959 786 4018 Sullae
805 3979 878 4018 anno
894 3964 948 4020 666
966 3962 1035 4029 tuit;
1062 3959 1143 4019 etiam
1164 3959 1288 4022 Marcum
1311 3958 1389 4016 Sulla
1400 3966 1571 4034 quaestorem

344 4042 477 4098 habuisse
491 4043 592 4099 dicitur
605 4042 708 4114 (Plut.,
725 4043 800 4107 666,
816 4042 876 4114 37).

380 4125 407 4180 2.
429 4121 508 4178 Diod.
523 4122 591 4187 Sic„
607 4121 732 4190 XXXVI,
747 4125 783 4190 23
799 4124 825 4179 8.
841 4123 937 4178 Annos
951 4121 1053 4177 diserte
1073 4121 1210 4176 indicatur
1234 4138 1258 4179 6
1281 4138 1299 4174 x
1322 4119 1408 4176 initio.
1431 4119 1571 4192 Siquidem

345 4203 445 4259 bellurn
459 4202 554 4258 servile
572 4209 702 4274 quattuor
716 4203 770 4257 lare
785 4219 872 4258 anuos
886 4203 994 4260 duravit
1012 4201 1148 4274 (ib.,10),
1169 4199 1223 4267 euI,
1238 4201 1324 4270 primo
1342 4217 1424 4272 anno,
1445 4200 1478 4259 P.
1501 4200 1572 4256 Lici-

345 4282 406 4338 nius
421 4282 509 4342 Nerva
528 4282 631 4355 (Diod,
651 4281 775 4350 XXXVI,
789 4282 854 4354 3-7),
877 4281 1008 4348 secundo,
1034 4278 1164 4337 Lucullus
1183 4287 1209 4334 et
1231 4279 1261 4340 C.
1278 4281 1409 4336 Servilius
1424 4279 1486 4354 (iu,
1502 4283 1570 4349 69),
1689 4325 1691 4328 .

345 4363 424 4418 terti0
439 4368 466 4417 et
480 4369 585 4432 quarto,
601 4362 727 4435 Aquilius
742 4361 870 4434 praefuit.
886 4362 928 4417 Ab
952 4361 997 4417 illo
1009 4377 1058 4433 pro
1073 4360 1185 4416 consula
1199 4363 1281 4433 (auno
1295 4361 1348 4416 654
1360 4359 1393 4416 U.
1409 4359 1454 4432 C.)
1464 4358 1572 4420 finitum

301 4439 304 4448 ’
347 4449 389 4498 est
402 4441 517 4515 (LIvios,
533 4445 599 4512 Ep„
610 4443 659 4511 69;
676 4441 850 4512 Obsequeos,
867 4458 899 4513 p.
919 4441 970 4498 126
984 4440 1079 4514 Jahn).

381 4523 409 4583 3.
430 4522 508 4579 Diod.
526 4521 593 4592 Sia,
609 4522 734 4588 XXXVI,
749 4525 785 4592 23
800 4525 827 4578 8.

343 4669 358 4678 Δ,
383 4605 409 4660 t.
431 4600 499 4671 Cia,
522 4603 598 4658 Verr.
613 4603 689 4670 Aac,
705 4601 753 4668 IV,
768 4618 842 4669 txvr,
860 4603 921 4662 147.

378 4684 407 4741 5.
427 4682 518 4751 Diod,
534 4681 658 4748 XXXVI,
676 4683 742 4747 8-9;
763 4681 846 4747 etue,
862 4685 938 4750 Luc,
956 4685 980 4742 1.
993 4681 1033 4741 CI.
1051 4680 1120 4754 cia,
1136 4681 1237 4750 Acad,
1253 4681 1312 4754 II,I
1328 4698 1335 4749 ς
1350 4683 1387 4738 Ile
1400 4697 1478 4756 proc.
1492 4696 1566 4743 aona.

349 4761 397 4827 IX,
412 4763 464 4829 223
481 4763 518 4818 Ile
532 4762 592 4833 off„
609 4763 644 4829 II,
658 4778 715 4830 xiv,
729 4762 773 4820 50.
