3670 5634
857 695 1036 762 ...54-

334 862 506 953 poeticum
526 859 656 928 fontem
679 860 805 948 arguit.
832 861 937 948 Ergo,
959 861 1027 928 nisi
1053 883 1194 953 prorsus
1221 863 1385 944 hariolor‚
1411 864 1559 933 eximius

334 978 390 1045 ille
407 987 522 1044 noster
540 975 794 1063 tragoediarum
815 979 972 1067 scriptor,
994 977 1053 1067 qui
1072 978 1106 1044 in
1128 977 1326 1046 Mithridate
1345 960 1462 1048 lahula
1480 981 1560 1048 Plu·

334 1093 509 1162 tarchiana
527 1093 571 1159 ad
588 1091 729 1158 verbum
745 1090 923 1181 expressit,
942 1114 1011 1159 non
1032 1092 1247 1178 historicum,
1265 1105 1304 1161 ut
1327 1095 1481 1184 putabat,
1499 1096 1560 1164 sed

335 1217 469 1299 poetam
490 1216 592 1299 poeta
605 1207 756 1275 insciens
770 1206 1013 1296 interpretatus
1028 1215 1092 1276 est.

378 1441 489 1511 XXII.
514 1443 606 1509 Haec
621 1449 717 1508 erant
731 1439 838 1508 ferme
850 1463 939 1531 quae
950 1441 992 1508 de
1002 1441 1151 1509 Archiae
1162 1451 1283 1532 poetae
1294 1441 1412 1510 vitaac
1423 1443 1561 1534 scriptis

336 1557 555 1627 memoranda
579 1555 763 1637 habeham;
786 1577 873 1646 quac
890 1574 982 1623 nunc
1006 1555 1125 1647 paucis
1148 1557 1197 1624 ita
1220 1557 1393 1648 colligam.
1411 1558 1492 1628 Fuit
1511 1557 1563 1626 vir

335 1673 459 1757 bonus,
481 1695 544 1741 nec
562 1682 677 1740 tamen
698 1670 887 1739 utilitatum
907 1692 1046 1739 suarum
1073 1671 1282 1759 incuriosus,
1303 1674 1470 1741 suavitate
1490 1695 1561 1742 mo-

336 1813 412 1857 rum
428 1789 589 1868 Graecus,
607 1787 745 1856 levitate
761 1787 879 1876 Syrus,
901 1787 1000 1855 etcui
1014 1785 1099 1854 illud
1116 1788 1343 1856 Horatianum
1358 1789 1533 1857 arrisisset
1550 1812 1558 1858 r

494 1953 692 2036 Principibus
704 1952 858 2036 placuisse
874 1953 949 2012 ciris
961 1973 1022 2013 non
1034 1951 1146 2016 ultima
1160 1953 1228 2014 laus
1243 1964 1297 2015 eet.

336 2119 550 2193 Carminibus
564 2123 639 2213 ejus
649 2121 946 2210 magisingenium
959 2141 998 2188 ac
1009 2120 1154 2202 novitas,
1164 2143 1268 2212 quam
1278 2121 1423 2191 facultas
1434 2133 1493 2193 aut
1504 2147 1559 2194 ars

335 2239 537 2306 defuerunt:
552 2237 676 2328 ubique
685 2237 952 2328 extemporalem
966 2235 1166 2327 scriptorem
1178 2235 1423 2326 deprehendas,
1432 2238 1559 2331 ubique

333 2354 554 2436 imitatorem,
577 2353 661 2432 sive,
679 2352 715 2418 in
734 2352 1004 2442 epigrammatis,
1019 2351 1192 2420 Leonidae
1213 2363 1247 2418 ct
1266 2352 1451 2444 Antipatri,
1470 2355 1558 2441 sivo,

334 2471 370 2538 in
401 2469 561 2550 heroicis,
589 2467 731 2536 Homeri
764 2476 797 2536 et
824 2465 1136 2536 Alexandrinorum
1165 2467 1312 2558 vestigia
1339 2472 1473 2558 premit.
1506 2472 1560 2539 lta

334 2608 449 2655 rerum
470 2586 659 2653 alienarum
682 2583 898 2674 occupationi
926 2593 1098 2666 assuetus,
1129 2585 1251 2652 ultimo
1279 2585 1354 2653 loco
1385 2586 1558 2655 civitatem
1585 2647 1589 2656 ,

334 2723 513 2770 romanam
525 2700 705 2791 occupavit
717 2722 724 2782 ;
737 2699 772 2766 id
788 2700 836 2766 illi
852 2699 1051 2768 Ciceronem
1068 2698 1296 2785 defensorem,
1310 2701 1345 2770 id
1359 2725 1558 2770 mansuram

334 2818 478 2899 famam,
508 2839 612 2908 quam
649 2817 776 2883 frustra
811 2837 853 2882 ex
882 2814 1018 2904 scriptis
1051 2815 1276 2905 speravisset,
1303 2818 1427 2886 attulit.
1459 2818 1557 2887 Adeo

331 2956 451 3001 verum
471 2943 523 3000 est
546 2933 611 3001 hoc
630 2931 826 2999 Plinianum
843 2932 878 2997 ¹:
903 2931 1080 3021 plerosque
1109 2931 1257 2998 oliorum
1284 2932 1419 3022 inqenio
1448 2934 1557 3023 mapie

280 3063 285 3071 '
333 3071 437 3140 priam
452 3071 509 3116 suo
526 3047 774 3115 commendari!

368 3272 392 3325 1.
409 3273 482 3327 Hist.
499 3278 570 3339 nat„
588 3270 712 3338 XXXIV,
728 3287 787 3337 vm,
807 3271 851 3326 57.
