3670 5634
825 663 1002 729 „45-

297 825 507 912 inchoatam,
536 841 573 900 ut
598 831 762 915 diximus,
788 831 942 902 Ciceroni
965 828 1146 899 ostendit:
1175 827 1297 918 quibus
1318 827 1446 896 auditis
1472 827 1525 918 (ut

298 947 407 1041 ipsius
423 949 538 1018 verbis
555 949 646 1039 utar)
661 947 754 1040 quod
767 969 958 1039 magnares
973 942 1249 1037 ipsletjuauada
1265 943 1336 1011 uisa
1349 955 1411 1028 est,
1430 943 1521 1012 hunc

297 1063 344 1133 ad
353 1064 599 1156 perficiendum
615 1063 815 1133 adhortatus
830 1076 877 1132 est
889 1064 911 1133 ¹.
924 1064 1002 1132 lam
1016 1083 1120 1153 supra
1133 1059 1284 1129 vidimus
1297 1060 1356 1128 illo
1373 1060 1521 1128 maxime

298 1180 410 1249 officio
426 1180 626 1250 Ciceronem
649 1190 859 1251 commotum
880 1178 1033 1248 oravisse
1047 1177 1195 1247 Archiae
1217 1197 1356 1245 oausam
1372 1197 1520 1267 eumque

296 1294 492 1365 imminenti
509 1296 661 1387 periculo
678 1295 861 1386 eripuisse;
879 1297 922 1379 is,
938 1292 1068 1386 judicio
1084 1293 1274 1372 absolutus,
1292 1291 1334 1360 de
1348 1292 1520 1384 promisso

296 1413 445 1482 carmine
464 1415 538 1504 jam
565 1434 637 1481 non
659 1411 808 1504 amplius
831 1409 1019 1502 cogitavit:
1048 1409 1178 1479 scilicet
1202 1409 1314 1499 gratia
1338 1416 1519 1498 poetarum

296 1536 366 1595 tam
380 1527 466 1596 levis
480 1536 531 1596 est
547 1549 651 1618 quarn
665 1526 744 1618 ipsi.
764 1525 819 1606 Ad
832 1529 930 1618 cujus
946 1523 1177 1594 frustrationis
1191 1523 1365 1608 solatium,
1383 1524 1520 1593 videtur

295 1643 431 1712 Atticus
459 1643 496 1712 in
531 1665 593 1712 suo
627 1642 801 1734 Epirotica
835 1641 1014 1711 Amaltheo
1047 1641 1296 1732 epigrammata
1326 1663 1451 1732 graeca
1485 1640 1520 1708 in

295 1758 464 1828 honorem
491 1757 666 1830 Ciceronis
693 1759 878 1851 posuisse',
904 1758 1023 1828 Cicero
1044 1756 1188 1827 latinum
1215 1779 1366 1842 carmen,
1385 1756 1426 1825 de
1451 1780 1519 1848 quo

295 1874 397 1942 modo
418 1873 631 1944 mentionem
654 1873 812 1958 fecimus,
838 1894 1023 1964 aggressus
1049 1895 1138 1958 esse,
1154 1895 1195 1941 ae
1221 1871 1313 1964 quod
1334 1895 1519 1963 penetrare

295 1990 365 2082 apsa
382 1989 492 2059 laudr's
505 2013 587 2060 suae
595 1990 918 2082 praetermitteretur
927 1989 949 2058 ⁸.

338 2222 415 2292 XV.
442 2223 565 2294 Ultimi
586 2222 747 2292 carminis
766 2224 808 2293 ab
825 2222 953 2292 Archia
968 2223 1094 2292 conditi
1109 2245 1236 2292 nornen
1251 2233 1396 2308 constat,
1413 2247 1517 2315 argu·

293 2349 449 2407 mentum
464 2339 499 2406 in
515 2339 644 2408 inc'erto
660 2349 727 2423 est;
747 2339 787 2408 de
806 2363 872 2432 quo
895 2338 1012 2408 Cicero
1030 2339 1073 2407 ad
1086 2339 1239 2408 Atticum
1263 2339 1311 2408 ita
1324 2340 1513 2410 scribebat:

294 2477 409 2523 verear
422 2478 465 2522 ae
489 2454 641 2525 Lucullis
666 2457 830 2547 quoniam
850 2479 1008 2546 praecum
1031 2478 1155 2547 poema
1179 2456 1450 2538 conuictumue
1471 2456 1519 2525 ad

296 2570 530 2639 Caecilianam
541 2571 701 2662 fabulam
714 2573 871 2663 speciest.
898 2571 1089 2640 Caeciliana
1110 2572 1238 2659 fabula,
1259 2596 1327 2664 quo
1349 2573 1517 2642 vocabulo

292 2685 425 2774 Cicero,
447 2686 669 2773 cavillationi,
696 2687 784 2756 sicut
809 2688 908 2772 solet,
934 2687 1117 2756 verborum
1141 2688 1340 2779 indulgens,
1367 2689 1515 2758 Caecilio

292 2802 422 2871 cornico
439 2801 572 2887 alludit,
588 2802 671 2871 nihil
689 2802 782 2872 aliud
797 2825 872 2871 esse
887 2813 1012 2898 potest,
1026 2804 1116 2894 quod
1131 2803 1195 2872 viri
1210 2803 1300 2873 docti
1310 2803 1516 2895 jamdudum

292 2928 517 3010 agnoverunt,
534 2941 638 3011 quam
653 2919 828 2989 heroicum
846 2941 980 2988 carmen
1002 2919 1037 2988 in
1060 2919 1199 2988 laudem
1225 2921 1352 2991 Metelli
1371 2921 1516 3012 alicujus

293 3035 483 3126 scriptum;
511 3034 589 3127 quis
613 3044 728 3104 tamen
756 3035 787 3104 is
812 3035 916 3103 fuerit
941 3035 1137 3127 ambigitur.
1162 3036 1233 3104 Alii
1257 3037 1298 3104 de
1320 3036 1361 3119 Q.
1378 3035 1515 3105 Metello

291 3149 472 3220 Numidico
493 3149 741 3242 cogitaverunt,
759 3151 875 3220 allide
895 3152 967 3220 filio
983 3153 1058 3242 ejus
1083 3151 1124 3234 Q.
1143 3152 1220 3246 Pio,
1238 3174 1350 3243 neque
1368 3151 1514 3220 absurde

290 3265 438 3358 utrique,
458 3266 738 3358 quandoquidem
760 3266 859 3336 ambo
883 3267 948 3337 viri
970 3267 1155 3336 militarem
1169 3269 1315 3360 gloriam
1339 3267 1514 3338 consecuti

289 3391 381 3466 sunt,
398 3382 499 3452 ambo
514 3382 603 3451 inter
616 3383 762 3452 Archiae
776 3394 939 3475 patronos
950 3393 1171 3454 recensentur
1181 3395 1204 3468 ⁸,
1218 3385 1302 3454 Pius
1312 3383 1514 3475 praesertim

289 3497 374 3572 adeo
389 3498 543 3589 poeticae
559 3499 673 3568 laudis
698 3500 818 3568 avidus
833 3501 898 3569 luit
912 3513 952 3569 ut
966 3501 1068 3569 etiam
1093 3499 1270 3569 Cordubae
1288 3500 1378 3569 uatis
1387 3499 1510 3593 pactio.

285 3613 415 3705 piaque
430 3614 595 3706 quiddam
614 3615 810 3684 sonantibus
827 3628 930 3708 atque
944 3616 1175 3710 perepriaum,
1193 3628 1307 3686 tamea
1322 3639 1421 3684 aures
1435 3638 1514 3684 suas

288 3727 451 3799 dederat.
468 3731 533 3800 Hic
547 3740 664 3800 tamen
675 3731 711 3800 in
722 3731 837 3801 animo
853 3733 1048 3802 habendum
1064 3742 1207 3818 est,non
1218 3733 1324 3802 luisse
1336 3742 1512 3801 assuetum

287 3847 434 3916 Archiae
452 3847 538 3917 utin
554 3848 700 3918 mortuis
719 3847 802 3917 viris
817 3847 999 3918 laudandis
1015 3872 1156 3941 operam
1178 3849 1361 3941 oleumque
1389 3871 1513 3917 oonsu-

285 3973 413 4032 meret:
427 3963 545 4033 vivum
559 3965 757 4049 Lucullum,
775 3965 873 4036 vivos
888 3966 1035 4036 Marium
1046 3976 1079 4034 et
1095 3966 1296 4035 Ciceronem
1312 3975 1370 4034 aut
1386 3963 1513 4032 cecinit

287 4082 348 4146 eut
363 4101 423 4171 spe
446 4079 607 4171 promissi
629 4081 791 4150 carminis
824 4081 955 4151 fefellit.
982 4083 1084 4152 Anno
1106 4081 1212 4172 igitur
1225 4080 1267 4152 U.
1286 4081 1323 4150 C.
1341 4083 1404 4149 693
1428 4079 1511 4170 (quo

323 4309 346 4366 1.
361 4313 413 4368 Pro
429 4313 544 4380 Archia,
559 4313 607 4380 Xl,
623 4313 667 4369 28.

228 4441 232 4449 .
319 4393 346 4449 2.
361 4392 408 4449 Ad
422 4394 492 4460 Att,
505 4393 527 4460 l,
542 4411 599 4460 xri,
615 4396 648 4450 15
659 4391 803 4466 (scripturn
819 4409 914 4448 mense
929 4391 1001 4448 Maio
1015 4393 1068 4448 693
1082 4391 1115 4448 U.
1133 4393 1188 4462 C.).

319 4471 346 4530 3.
363 4472 409 4528 Ad
423 4473 495 4540 Att.‚
512 4472 533 4540 l,
549 4490 607 4540 xrx,
624 4474 658 4529 10
671 4474 815 4548 (scriptum
830 4472 868 4528 id.
884 4474 964 4533 Mart.
976 4473 1051 4546 694).

319 4551 346 4607 l.
360 4553 408 4607 Ad
420 4554 495 4622 Att.,
512 4553 533 4620 l,
549 4571 603 4620 xvi,
621 4554 664 4612 15.

318 4631 345 4689 5.
365 4633 419 4687 Pro
433 4633 548 4698 Archia,
565 4635 611 4701 lll,
627 4636 658 4703 63
675 4635 722 4706 lV,
737 4636 765 4694 7.

318 4713 345 4770 ὅ.
365 4714 418 4768 Pro
442 4713 555 4778 Archia,
582 4714 616 4782 X,
639 4717 675 4773 26
694 4722 735 4785 (=
760 4715 875 4783 Seneca,
900 4714 993 4783 Suos.,
1023 4713 1070 4782 Vl,
1098 4716 1143 4782 27,
1170 4715 1332 4788 Kiessling).
1358 4716 1418 4772 Alio
1450 4713 1509 4772 loco

285 4791 398 4850 Vaccaei
409 4799 531 4850 actores
544 4810 560 4850 a
575 4795 704 4854 Cicerone
718 4795 866 4851 irridentur
881 4794 945 4868 (Pro
959 4795 1080 4866 Plancio,
1096 4794 1223 4861 XXXIV,
1239 4797 1293 4869 84).
