3670 5634
819 590 995 658 ...65-

513 763 560 825 τὸν
573 762 605 826 δὲ
619 765 703 842 μόνον
719 764 851 826 πλεκτῶν
866 757 929 827 αὖθι
942 767 1051 843 μεθῆκε
1065 766 1165 828 λίνων.

404 873 422 926 5
474 861 548 952 Ἱρὸν
563 865 740 933 ἀοιδοπὸλων
755 871 855 949 ἔτυμον
870 874 966 952 γένος.
984 865 1031 933 Ἢ
1046 873 1101 954 ἄρα
1116 873 1231 952 πολλὴν

509 977 557 1040 καὶ
572 977 663 1060 κωφοὶ
677 981 786 1040 ππανῶν
801 970 919 1060 φροντίδ’
936 981 1029 1060 ἔχουσι
1043 978 1143 1062 πάγαι.

326 1149 363 1210 Ν.
382 1148 527 1210 (1.Ακτὴ.
545 1147 629 1222 Pal,
650 1150 699 1226 lx,
717 1150 786 1218 343.
877 1199 878 1208 ,

327 1284 415 1344 Eum.
429 1283 623 1362 Expressum
636 1301 676 1343 ex
689 1281 850 1360 Antipatri
865 1283 986 1343 Sidonii
998 1284 1139 1345 carmine
1150 1283 1210 1365 (lx,
1222 1285 1284 1364 76),
1296 1284 1383 1363 quod
1396 1286 1511 1348 deinde

286 1383 408 1443 Paulus
431 1380 633 1442 Silentiarius
652 1381 800 1442 imitatus
823 1383 872 1442 est
894 1379 954 1461 (IX,
979 1383 1060 1464 396).
1080 1384 1165 1444 Haec
1191 1383 1255 1444 tria
1278 1383 1512 1463 epigrammata

288 1499 362 1542 cum
383 1480 417 1539 in
436 1479 632 1558 Anthologia
653 1479 740 1540 inter
753 1477 1005 1541 demonstrativa
1022 1485 1195 1559 ponantur,
1214 1482 1363 1543 videntur
1382 1501 1447 1544 non
1471 1483 1513 1545 ad

287 1579 392 1655 ipsam
407 1595 475 1638 rem
488 1596 571 1656 quae
581 1576 627 1637 ihi
638 1580 798 1649 narratur,
813 1577 869 1638 sed
881 1577 987 1656 potius
1000 1577 1040 1638 ad
1052 1578 1193 1640 tabulam
1204 1580 1390 1660 quamdam,
1403 1581 1514 1661 hujus-

288 1677 376 1738 modi
395 1675 541 1736 fabulam
560 1674 789 1748 illustrantem,
807 1678 961 1754 spectare,
979 1693 1166 1755 quanquam
1189 1681 1221 1737 et
1236 1676 1313 1738 alibi
1334 1677 1369 1737 in
1384 1678 1511 1739 Antho-

287 1773 374 1852 logia
387 1771 517 1852 apologi
535 1771 675 1852 elegiaco
691 1775 794 1833 metro
809 1771 923 1850 scripti
938 1772 1091 1852 leguntur
1106 1773 1166 1852 (lx,
1188 1793 1221 1832 ro
1237 1771 1310 1853 sq.).

721 2169 724 2176 ’
804 2179 989 2244 ΕΡΩΤΙΚΑ

850 2357 950 2428 XVII

783 2510 851 2560 arn
878 2509 1014 2561 arura

462 2652 556 2739 Ntra'
571 2651 684 2743 Ἔρως,
697 2663 813 2742 πορθεϊς
828 2659 863 2737 μὲ
877 2659 909 2722 τὸ
920 2664 1045 2742 κρήγυον
1059 2682 1065 2694 ·
1081 2654 1123 2733 εἷς
1135 2658 1171 2737 μὲ
1183 2664 1306 2724 κένωοον

507 2773 561 2829 πᾶν
577 2766 608 2828 σὺ
625 2768 724 2844 βέλος,
741 2767 845 2844 λοιπὴν
862 2759 961 2844 μηκέτ’
974 2762 1052 2850 ἀφεὶς
1065 2768 1198 2848 psalta,

462 2875 502 2948 ὡς
518 2874 553 2935 ἄν
569 2884 671 2952 μοῦνον
683 2874 762 2948 ἕλοις
775 2871 830 2947 ἰοῖς
842 2872 906 2952 ἐμὲ,
921 2876 969 2936 καί
982 2895 1041 2936 τινα
1054 2879 1168 2959 χρῄζων

508 2981 601 3043 ἄλλον
615 2981 766 3053 iteratam,
780 2973 879 3059 μηκέτ’
893 2982 970 3063 ἔχοις
985 2975 1078 3044 ἀκίδα.

324 3141 361 3199 Ν.
379 3138 413 3198 a.
432 3134 748 3212 Antt.1³az.‚v,5a.

324 3276 413 3336 Exm.
433 3273 646 3348 Sententiam,
663 3291 727 3333 non
750 3272 857 3346 verba,
876 3271 1078 3350 deprompsit
1092 3289 1132 3331 ex
1149 3271 1264 3333 ultimo
1279 3271 1418 3334 disticho
1435 3291 1507 3335 ear-

284 3373 380 3434 minis
394 3371 582 3452 Meleagrici,
600 3373 636 3444 V,
657 3377 724 3447 ¹98.

847 3708 874 3776 V

768 3877 846 3942 {arn
869 3875 1019 3938 arura}

460 4025 583 4109 Φεύγειν
598 4030 641 4091 δεῖ
653 4029 702 4091 τὸν
716 4021 853 4111 Ἔρωτα;
867 4028 950 4100 κενὸς
962 4029 1065 4098 πόνος·
1084 4023 1115 4086 οὗ
1130 4022 1185 4107 γὰρ
1200 4018 1298 4097 ἀλύξω

502 4137 587 4212 πεζὸς
603 4137 654 4198 ὑπὸ
670 4145 774 4214 πτηνοῦ
788 4132 882 4198 πυκνὰ
896 4136 1078 4212 διωκόμενος.

321 4314 358 4372 N.
377 4313 409 4374 C.
426 4311 519 4372 Antlt.
537 4309 621 4383 Pal,
639 4312 674 4383 V,
694 4312 730 4387 59
748 4307 886 4393 ε’ὁμοίως.

320 4455 411 4516 Exm.
430 4456 533 4516 Habet
547 4453 722 4533 quamdam
737 4451 982 4514 similitudinem
998 4469 1071 4512 cum
1086 4447 1228 4510 carmine
1245 4447 1404 4526 Meleagri,
1417 4446 1500 4530 App.

278 4552 385 4626 Plura,
404 4557 471 4615 213.
