3634 5642
875 633 1053 698 ...12-

357 801 579 874 conciliavit:
600 799 686 870 adeo
710 797 885 867 neminem
908 809 979 870 tam
1002 798 1162 868 hebetem
1180 797 1337 869 invenies
1359 798 1442 889 quin
1461 799 1582 870 laudes

357 921 411 990 sui
435 917 623 1008 intelligat!

401 1131 498 1202 XIII.
525 1129 594 1200 Sed
617 1151 699 1198 mox
720 1150 834 1197 rerum
860 1129 965 1197 facies
989 1137 1023 1197 et
1038 1129 1148 1198 amica
1170 1129 1293 1198 litteris
1307 1128 1405 1220 quies
1429 1129 1464 1197 in
1481 1133 1580 1222 peJus

356 1256 508 1318 mutatae
524 1252 616 1315 sunt.
639 1243 741 1311 Anno
755 1243 797 1314 U.
817 1243 852 1312 G.
872 1243 935 1311 663
953 1251 1112 1324 exeunte,
1131 1253 1208 1334 post
1223 1243 1325 1312 Drusi
1339 1243 1490 1327 caedem,
1507 1245 1582 1315 bel·

357 1363 429 1433 lum
451 1361 609 1431 Italicum
634 1358 774 1443 exarsit,
792 1357 827 1426 in
847 1381 916 1449 quo
937 1379 1058 1426 omnes
1077 1358 1222 1448 Magnae
1244 1358 1406 1428 Graeciae
1426 1359 1581 1430 civitates

357 1477 597 1547 inconcussam
624 1483 847 1544 servaverunt
876 1472 991 1543 tidem.
1016 1471 1095 1540 Jam
1121 1473 1344 1564 sequentibus
1369 1475 1579 1562 consulibus,

355 1593 427 1662 lata
453 1601 505 1661 est
529 1593 590 1661 illa
613 1591 670 1658 lex
690 1589 784 1658 Julia
805 1612 873 1682 qua
900 1589 1102 1659 universum
1126 1587 1262 1657 Latium
1285 1589 1421 1658 civitate
1441 1613 1582 1661 romana

356 1709 520 1777 donatum
546 1709 642 1790 est¹;
667 1728 779 1798 neque
803 1705 913 1772 multo
936 1713 1026 1795 post,
1048 1703 1091 1772 ad
1114 1704 1217 1774 finem
1235 1705 1391 1797 ejusdem
1414 1707 1467 1774 vel
1484 1706 1581 1775 initia

354 1824 502 1916 proximi
517 1824 611 1908 anui,
635 1833 679 1891 tr.
696 1823 743 1914 pl.
762 1822 808 1891 M.
826 1819 985 1888 Plautius
1007 1819 1180 1904 Silvanus,
1202 1820 1240 1889 C.
1258 1821 1418 1913 Papirius
1434 1822 1542 1891 Carbo
1554 1823 1577 1907 ¹,

353 1948 643 2026 senatuauctore,
661 1936 881 2030 plebiscitum
897 1934 1161 2004 introduxerunt
1177 1959 1244 2027 quo
1260 1936 1350 2005 idern
1361 1939 1420 2029 jus
1437 1938 1579 2030 reliquis

353 2055 482 2126 Italicis
498 2055 635 2147 populis
649 2053 857 2147 permissum
874 2060 937 2132 est,
953 2050 996 2120 iis
1012 2051 1087 2119 dico
1104 2053 1162 2142 qui
1179 2052 1214 2120 in
1231 2052 1296 2120 fide
1314 2053 1580 2144 permansissent

351 2172 408 2241 vel
429 2171 487 2264 qui
512 2192 607 2239 arma
628 2169 743 2238 statim
768 2168 990 2259 deponerent.
1015 2166 1094 2258 Ipsa
1123 2168 1225 2259 hujus
1248 2167 1337 2256 legis
1363 2167 1469 2238 verba
1492 2170 1580 2238 refe-

351 2307 437 2370 ram,
455 2308 475 2355 a
490 2285 654 2356 Cicerone
671 2291 818 2362 servata,
843 2281 901 2372 qui
924 2282 1019 2350 solus
1035 2284 1110 2374 ejus
1130 2281 1341 2350 mentionem
1364 2283 1456 2353 lacit.
1481 2282 1580 2353 Cives
1640 2361 1643 2374 Ι

353 2402 460 2494 igitur
477 2401 550 2470 lieri
568 2398 712 2493 jubebat
736 2421 768 2467 sr
792 2421 847 2477 our
870 2419 1062 2465 rounamrrs
1090 2419 1284 2466 crvrrurrnus
1307 2420 1470 2467 ruscarrrr
1492 2423 1580 2470 rurs-

352 2543 439 2606 saar,
459 2543 488 2586 sr
506 2541 583 2602 run,
608 2541 670 2587 cuu
692 2533 754 2585 aaa
771 2538 964 2600 narramur,
987 2537 1019 2581 ur
1040 2514 1149 2582 Irmu
1169 2538 1354 2584 nomcrmurr
1373 2539 1577 2604 mamaeam,

352 2660 391 2704 ur
419 2656 447 2703 sr
475 2655 653 2703 samaram.
684 2652 799 2700 uranus
830 2653 913 2698 aruo
942 2650 1132 2697 calaronam
1162 2651 1280 2697 assrrr
1308 2651 1466 2698 raorassr.
1499 2631 1581 2699 Erat

353 2762 435 2820 tunc
459 2774 526 2819 usu
545 2759 579 2818 et
596 2752 675 2840 jure
700 2746 924 2816 constitutum
945 2754 983 2813 ut
1007 2768 1048 2813 ex
1071 2745 1247 2815 foederato
1271 2746 1399 2835 populo
1423 2769 1466 2814 ne
1489 2769 1579 2815 unus

355 2864 496 2959 quidem
520 2863 616 2948 civis,
637 2861 766 2931 nedum
790 2861 952 2931 universa
974 2859 1105 2943 civitas,
1130 2859 1196 2928 nisi
1219 2882 1390 2930 consensu
1414 2861 1518 2953 hujus
1539 2862 1579 2930 de

352 3003 419 3072 quo
434 2980 602 3072 agebatur
613 2977 731 3071 populi
746 2977 781 3045 in
794 2977 969 3047 civitatem
981 2997 1160 3044 romanam
1172 2976 1452 3046 adscisceretur³.
1466 2976 1579 3059 Quare

352 3098 406 3166 lex
427 3097 521 3166 Iulia
542 3097 617 3186 (nec
638 3095 755 3164 minus
777 3093 925 3180 Plautia,
954 3093 1078 3185 quippe
1099 3115 1186 3185 quae
1209 3095 1446 3165 tantummodo
1468 3096 1579 3166 Juliae

352 3211 588 3281 extendendae
611 3233 717 3280 causa
739 3211 809 3279 lata
833 3210 937 3300 esset)
962 3221 1044 3279 tunc
1064 3210 1203 3279 demum
1227 3209 1367 3300 plenum
1394 3233 1433 3280 ao
1450 3223 1581 3281 certum

354 3329 513 3397 ellectum
535 3337 719 3396 consecuta
738 3336 789 3395 est
810 3336 994 3417 postquam
1016 3325 1253 3417 uuusquisque
1275 3325 1413 3395 Italicus
1431 3328 1580 3420 populus

349 3441 583 3536 surcdcslegi,
607 3442 673 3511 hoo
695 3450 746 3510 est
770 3442 921 3524 auctor⁴,
941 3439 1154 3508 exstiterat&
1178 3439 1246 3512 Sed
1271 3442 1420 3529 Etrusci,
1444 3445 1577 3531 Umbri,

355 3557 413 3626 alii
442 3580 590 3651 quorum
613 3558 732 3649 iniqua
753 3557 902 3626 conditio
927 3557 1050 3642 fuerat,
1077 3556 1193 3627 statim
1220 3579 1259 3626 ac
1282 3558 1428 3627 libenter
1452 3560 1580 3629 donum

355 3671 501 3741 civitatis
516 3680 721 3764 acceperunt
731 3671 759 3753 ⁶3
777 3678 895 3738 contra
910 3669 1095 3740 Heracleae
1110 3679 1142 3738 et
1157 3670 1299 3762 Neapoli
1315 3671 1373 3739 diu
1387 3671 1579 3742 dubitatum

390 3869 415 3925 1.
436 3867 550 3924 Servius
566 3866 704 3939 SulpicIus
719 3866 791 3940 apud
806 3865 933 3934 Gellium,
949 3864 997 3933 IV,
1011 3884 1048 3932 ιν,
1064 3867 1081 3922 3
1097 3881 1104 3920 :
1120 3867 1152 3921 id
1167 3873 1333 3940 tempusque
1345 3870 1442 3924 clottus
1456 3871 1580 3925 universo

353 3950 431 4006 Iccio
446 3951 503 4018 lece
516 3949 590 4004 Iulio
603 3949 670 4003 duta
684 3954 734 4003 est.
750 3946 949 4020 Neglegeutius
965 3945 1058 4001 Cicero
1071 3943 1146 4019 leges
1159 3947 1172 4003 I
1178 3947 1258 4003 uliam
1273 3954 1301 4003 et
1317 3947 1452 4004 Plautiam
1465 3949 1580 4005 coufun-

352 4029 403 4099 dit,
419 4032 472 4085 Pro
485 4029 581 4090 Balbo,
597 4028 671 4097 VIII,
686 4029 719 4083 21
736 4028 833 4084 :Iulia
845 4028 901 4096 tepe
915 4029 1013 4082 civiles
1026 4032 1067 4082 cst
1076 4027 1155 4082 sociis
1169 4034 1196 4083 et
1209 4029 1317 4084 Latiale
1332 4029 1407 4085 data.

388 4111 415 4165 2.
436 4109 510 4164 Scol.
537 4107 679 4165 Bobiensis
698 4107 732 4162 ad
756 4105 920 4162 Archianam
946 4105 985 4178 (p.
1007 4106 1060 4161 353
1078 4102 1173 4179 Orell.)
1198 4106 1290 4181 inepte
1307 4108 1342 4164 de
1360 4125 1430 4166 coss.
1444 4109 1541 4166 Sileno
1555 4116 1582 4166 et

353 4188 475 4248 Carbone
490 4186 649 4244 hariolator.

389 4270 416 4325 3.
437 4268 622 4326 CertIesimam
634 4267 705 4341 juris
723 4266 845 4340 regulam
860 4266 960 4322 frustra
978 4266 1122 4342 Impuguet
1136 4285 1224 4342 eoque
1239 4267 1299 4342 ipso
1315 4268 1458 4326 coufirmat
1473 4269 1581 4340 Cicero,

356 4352 409 4406 Pro
421 4351 515 4418 Balbo,
529 4349 603 4418 VIII,
618 4353 660 4406 lo.

391 4432 417 4486 l.
438 4429 548 4497 Festus,
563 4431 652 4501 Epir„
667 4444 694 4500 p.
708 4428 743 4484 89
754 4442 761 4482 :
773 4427 877 4498 modus
891 4429 996 4483 dicitur
1006 4429 1128 4500 populus
1142 4445 1196 4486 esse
1206 4431 1248 4486 rei
1257 4445 1339 4501 quom
1349 4431 1452 4487 alienat
1462 4431 1579 4504 (mutat),

357 4510 405 4566 boe
419 4516 460 4567 cst
473 4515 578 4571 auctor.

392 4591 421 4647 5.
442 4589 511 4658 uie,
529 4591 581 4646 Pro
606 4590 700 4651 Balbo,
715 4587 790 4656 VIII,
811 4589 856 4648 21.
879 4587 919 4644 Cl.
943 4586 1068 4655 Gellium,
1097 4589 1170 4652 XVI,
1187 4607 1244 4657 xur,
1260 4590 1301 4644 6:
1324 4607 1409 4662 neque
1433 4593 1492 4648 ullu
1510 4608 1578 4664 pop.

360 4673 436 4728 Rom.
454 4671 512 4740 Iope
529 4671 657 4727 adstricti
671 4671 771 4724 cisilo
785 4685 867 4739 quom
882 4669 1003 4740 populus
1017 4684 1108 4725 eorum
1124 4671 1228 4739 fundus
1238 4672 1330 4739 tractus
1341 4676 1418 4732 esset.

396 4751 423 4806 6.
439 4750 592 4827 Appianus,
607 4753 639 4808 Β.
655 4749 725 4821 dic,
742 4748 764 4816 l,
777 4748 821 4807 49.
