3634 5642
860 688 1037 754 ..20-

336 853 449 938 ritate,
466 854 569 934 sama,
586 862 761 921 oratorum
782 853 880 922 facile
902 853 1058 943 princeps
1074 859 1108 918 at
1129 850 1383 942 quodammodo
1398 874 1459 920 rex
1469 852 1561 943 judi·

336 971 466 1038 ciorum
487 968 687 1037 habebatur.
707 969 752 1038 M.
771 968 918 1051 Tullius,
935 975 1053 1057 utpote
1082 977 1220 1058 praeter
1240 973 1372 1035 ceteros
1399 967 1560 1035 Graeciae

337 1084 594 1152 amantissimus
604 1086 612 1121 ¹
624 1095 657 1152 et
667 1085 725 1174 qui
737 1085 825 1152 mira
835 1083 1043 1174 benignitate
1056 1097 1234 1174 poetarum
1245 1082 1559 1173 ingeniafovebat²‚

336 1200 488 1269 hominis
504 1200 630 1290 graeci,
648 1201 849 1290 praesertim
867 1211 988 1291 poetae
1002 1201 1101 1290 cujus
1117 1198 1326 1267 carminibus
1340 1197 1488 1266 maxime
1503 1197 1560 1266 de·

336 1314 538 1390 lactabatur.
563 1337 701 1383 causam
729 1315 875 1384 libenter
896 1314 1077 1384 videbatur
1108 1321 1347 1406 suscepturus;
1379 1313 1561 1383 accedebat

337 1433 530 1501 arctissima
547 1455 625 1501 cum
647 1432 793 1500 Lucullo
818 1431 1028 1522 conjunctio,
1055 1433 1154 1522 cujus
1174 1451 1237 1520 ope
1258 1438 1292 1498 et
1319 1429 1474 1498 consiliis
1491 1452 1560 1497 non

337 1550 444 1619 semel
459 1549 495 1617 in
511 1549 694 1618 consulatu
710 1569 772 1616 suc
789 1569 892 1615 usum
912 1569 948 1614 se
974 1545 1195 1637 profitebatur
1212 1546 1235 1612 ³.
1260 1545 1374 1614 Etiam
1397 1545 1559 1614 Archiam

336 1689 357 1734 a
373 1664 490 1758 pueris
506 1664 571 1733 sibi
586 1663 775 1755 cognitum,
795 1662 898 1755 hujus
912 1685 949 1731 se
967 1661 1129 1753 auspiciis
1145 1661 1259 1731 studia
1269 1661 1402 1752 poetica
1419 1683 1561 1753 aggres-

336 1805 414 1850 sum
424 1780 649 1849 contendebat
665 1780 694 1864 ‘3
712 1778 804 1872 quod
815 1779 888 1848 fieri
902 1778 1026 1870 potuit,
1041 1778 1118 1861 etsi,
1136 1777 1343 1869 ubicumque
1357 1778 1399 1846 de
1413 1779 1560 1870 pueritia

338 1908 372 1966 et
391 1896 513 1966 studiis
531 1895 603 1965 suis
617 1895 703 1984 agit,
729 1895 836 1964 altum
852 1896 893 1964 de
907 1894 1035 1963 Archia
1053 1894 1229 1962 silentium
1245 1893 1421 1963 miramur.
1443 1895 1559 1964 Potuit

338 2026 547 2081 tamencum
570 2011 662 2102 apud
675 2011 836 2081 Crassum
864 2020 1035 2078 oratorem
1047 2012 1158 2100 (cujus
1184 2008 1325 2077 domum
1342 2010 1480 2079 assidue
1495 2011 1557 2079 fre·

335 2128 533 2220 queritabat)
554 2127 756 2196 recitantem
777 2125 908 2211 audire,
924 2125 1036 2218 potuit
1059 2125 1176 2205 otiam,
1199 2147 1277 2194 oum
1300 2125 1397 2192 Arati
1420 2148 1559 2194 carmen

334 2244 439 2312 latine
455 2250 615 2326 verteret,
630 2240 776 2309 Archiae
789 2239 958 2330 judicium
975 2249 1008 2307 et
1032 2261 1134 2307 aures
1160 2237 1195 2307 in
1222 2239 1406 2308 consilium
1421 2263 1555 2310 vocare.

335 2358 414 2443 Sed,
441 2365 479 2426 ut
501 2366 618 2426 vetera
636 2365 670 2425 et
697 2356 829 2424 incerta
855 2355 1023 2436 omittam,
1058 2377 1220 2445 praeseus
1244 2364 1319 2422 tum
1345 2354 1500 2424 Ciceroni
1523 2365 1557 2424 et

333 2475 446 2562 majus
462 2471 578 2540 aderat
600 2470 862 2540 incitamentum
877 2480 915 2538 ut
929 2468 1076 2538 Archiae
1088 2491 1226 2538 oausam
1244 2492 1314 2538 non
1327 2471 1429 2540 modo
1446 2471 1556 2540 susci-

333 2598 439 2680 peret,
459 2587 518 2655 sad
535 2585 633 2678 quasi
656 2609 755 2655 suam
777 2587 930 2654 faceret:
957 2583 1087 2654 scilicet
1100 2585 1175 2654 viro
1191 2585 1302 2654 laudis
1332 2586 1557 2655 avidissimo⁵

334 2703 480 2771 callidus
502 2703 651 2772 Graecus
677 2711 798 2793 sponte
817 2724 955 2770 carmen
978 2701 1183 2792 promiserat
1198 2701 1233 2769 in
1249 2726 1316 2793 quo
1339 2725 1394 2770 res
1410 2703 1559 2772 celebra·

337 2829 432 2887 turus
450 2829 522 2887 erat
535 2819 576 2887 ab
593 2819 668 2910 ipso
684 2818 846 2887 Cicerone
860 2825 910 2906 (ut
923 2819 1053 2886 Seneca
1064 2817 1122 2908 ait)
1138 2841 1206 2885 nou
1221 2818 1291 2886 siue
1302 2842 1403 2887 cotrso
1416 2819 1477 2887 sed
1488 2818 1558 2887 sirac

333 2933 573 3026 fincloudotas
586 2935 609 3002 ⁸.
628 2934 754 3019 Immo,
769 2942 808 3001 ut
834 2933 1014 3024 promissis
1036 2932 1138 3002 fidem
1158 2932 1310 3020 adderet,
1327 2935 1472 3004 Archias
1486 2957 1559 3003 rem

334 3050 569 3134 inchoaverat,
587 3049 749 3119 inchoata
772 3048 891 3118 Cicero
915 3049 1047 3138 ingenti
1067 3071 1103 3116 se
1123 3050 1299 3141 voluptate
1320 3051 1447 3143 legisse
1473 3053 1561 3121 sate·

334 3167 444 3234 hatur.
461 3167 510 3234 De
524 3189 592 3258 quo
608 3166 759 3235 carmine
772 3166 863 3234 infra
877 3165 978 3233 nobis
994 3164 1174 3233 dicendum
1188 3164 1252 3232 erit
1266 3190 1274 3241 ;
1292 3188 1385 3234 nunc
1413 3166 1497 3235 satis
1511 3178 1561 3235 est

335 3284 364 3351 si
387 3282 579 3352 monuerim
596 3282 641 3352 M.
668 3282 833 3367 Tullium,
854 3281 908 3349 his
923 3280 1081 3349 versibus
1109 3282 1285 3368 allectum,
1314 3305 1384 3352 non
1414 3292 1483 3352 tam
1498 3305 1559 3375 pro

334 3398 461 3468 Archia
475 3421 577 3490 quam
593 3421 653 3490 pro
671 3398 834 3467 Cicerone
850 3397 955 3467 verba
979 3396 1115 3465 fecisse.

378 3639 456 3709 XX.
494 3638 646 3708 Vocatus
676 3647 728 3706 est
757 3638 793 3705 in
816 3639 875 3728 jus
904 3636 1050 3706 Archias
1081 3639 1195 3709 madio
1224 3663 1313 3708 anno
1345 3640 1387 3711 U.
1415 3641 1453 3710 C.
1481 3642 1558 3722 692,

337 3757 454 3827 Silano
468 3764 501 3824 et
518 3755 663 3825 Murena
673 3777 763 3824 coss.
777 3760 800 3824 ⁷.
814 3752 964 3838 iudicia,
979 3777 1065 3846 quae
1081 3755 1158 3845 lege
1176 3756 1285 3849 Papia
1302 3757 1560 3837 exercebantur,

375 4008 400 4064 l.
420 4007 467 4064 Aa
482 4008 615 4075 Atticum,
632 4005 654 4074 l,
676 4005 719 4061 15.

370 4089 398 4145 2.
415 4085 530 4154 Plinius,
546 4089 646 4156 Epist,
663 4084 712 4147 ΙΙΙ,
728 4099 775 4152 xv,
792 4085 817 4140 l.

370 4169 398 4230 3.
414 4169 502 4224 Accd.
514 4170 618 4239 prior„
631 4167 667 4231 ll,
683 4183 702 4231 r,
716 4165 743 4220 3.

372 4251 398 4304 4.
414 4253 468 4306 Pro
480 4249 595 4314 Archia,
611 4247 633 4315 Ι,
650 4249 675 4305 l.

372 4331 399 4384 5.·
418 4329 464 4385 Ad
477 4330 550 4396 Att,
566 4328 587 4396 Ι,
604 4329 661 4384 15.
654 4346 661 4360 ·
680 4326 770 4396 Nunc,
791 4328 921 4396 quonium
940 4331 965 4382 ct
988 4328 1081 4384 laudis
1100 4328 1251 4384 avidissimi
1274 4341 1380 4396 semper
1397 4327 1513 4395 suimus,
1536 4330 1563 4382 et

333 4416 446 4481 praeter
460 4415 561 4464 ceteros
575 4409 722 4473 φιλέλληνες-

372 4493 399 4546 6.
420 4489 535 4557 Seneca,
551 4491 589 4543 De
609 4489 741 4542 brevitate
758 4490 840 4555 ottae,
855 4489 883 4544 5.

372 4572 399 4625 7.
416 4573 525 4624 Annum
541 4568 594 4624 litis
609 4577 691 4625 autea
706 4575 912 4623 controversum
926 4574 984 4625 cert
986 4587 1031 4624 um
1046 4569 1133 4626 lecara
1155 4565 1258 4622 scholia
1278 4564 1453 4622 Bobiensia‘
1445 4581 1484 4637 pp
1509 4515 1562 4615 35l

338 4649 420 4706 Orell.
424 4651 435 4722 )
450 4649 594 4720 exquibus
609 4647 789 4722 comperimus
806 4649 983 4704 lectissimum
993 4653 1094 4716 utrum,
1111 4664 1195 4720 aquo
1208 4670 1222 4698 «
1240 4665 1289 4702 sua
1304 4646 1333 4700 in
1347 4645 1447 4701 bonam
1458 4647 1563 4716 partem

337 4729 653 4821 forcutaccipiantur»
669 4729 763 4785 Cicero
783 4727 895 4784 confidit
898 4728 1056 4803 ,ipsqu.
1074 4729 1233 4786 Ciceronem
1251 4727 1345 4783 fuisse.
1363 4725 1452 4797 llujus
1471 4730 1562 4780 autem

338 4819 465 4884 praetura
486 4810 514 4866 in
533 4828 634 4867 annum
655 4810 709 4867 692
730 4807 826 4864 incidit
846 4808 981 4882 (Orosius,
1003 4810 1048 4878 Vl,
1065 4827 1101 4879 vr,
1120 4808 1244 4881 Zeta).
1264 4809 1305 4864 Ex
1323 4806 1390 4862 Asia
1411 4801 1562 4878 provincia,
