3634 5642
786 601 966 666 ..11-

261 771 483 844 verisimilius
499 779 551 840 est
568 769 660 862 quod
675 767 927 852 Heraclienses,
948 789 1037 836 anuo
1048 769 1122 858 jam
1136 765 1179 836 U.
1199 767 1236 834 C.
1262 769 1339 849 475,
1361 765 1397 837 C.
1420 767 1486 836 Fa-

261 889 369 958 bricio
393 887 549 972 eonsule,
575 895 779 978 perpetuum
797 905 883 953 cum
910 884 1037 976 populo
1066 883 1222 950 Romano
1252 881 1375 950 foedus
1398 881 1487 962 inia-

262 1015 350 1088 rant,
369 1008 467 1097 cujus
483 1003 675 1092 singulares
693 1011 795 1093 atque
815 1000 1042 1092 aequissimas
1064 999 1277 1066 conditiones
1291 1020 1363 1066 non
1381 999 1488 1065 semel

263 1130 422 1190 auctores
453 1119 659 1187 laudavere¹
688 1139 696 1185 t
727 1119 789 1186 illo
816 1117 953 1184 foedere
979 1113 1260 1184 Heracliensibus
1283 1117 1342 1204 jus
1374 1113 1487 1181 exsilii

260 1237 368 1306 fuisse
397 1256 613 1318 concessum,
647 1234 739 1325 quod
773 1242 818 1300 et·
834 1230 1049 1322 Neapolitani
1081 1219 1315 1313 obtinebantl,
1344 1228 1485 1296 minime

262 1353 391 1420 dubito.
410 1351 499 1419 Huic
520 1351 629 1438 igitur
651 1349 779 1440 optimo
801 1351 881 1439 jure
905 1345 1036 1416 civitati
1061 1345 1237 1429 Archiam,
1262 1344 1485 1412 Lucullorum

261 1467 475 1551 auctoritate,
512 1465 724 1559 adscriptum
754 1464 893 1547 ferunt;
927 1463 1001 1554 ipse
1033 1462 1195 1549 deinceps
1225 1458 1270 1527 M.
1304 1456 1485 1538 Lucullus,
1583 1469 1586 1475 '

260 1583 373 1651 minor
386 1582 544 1666 fratrum,
562 1602 636 1649 rem
654 1603 690 1649 se
707 1580 820 1672 egisse
840 1579 1073 1670 profitebatur.
1094 1575 1195 1661 Quod
1210 1573 1284 1648 fieri
1299 1572 1427 1664 potuit;
1444 1593 1485 1640 an

261 1719 381 1766 revera
394 1697 438 1764 sit
452 1697 595 1780 factum,
613 1695 691 1765 aliis
707 1693 961 1776 decernendum
975 1693 1146 1784 relinquo.

304 1972 381 2042 XII.
408 1974 594 2042 Heracleae
610 1973 785 2065 paulisper
802 1946 1045 2058 commoratus,
1061 1968 1205 2038 Archias
1225 1989 1295 2051 non
1312 1965 1361 2034 ita
1376 1959 1484 2033 multo

259 2098 338 2180 post
359 2089 516 2182 (scilicet,
544 2098 581 2157 ut
603 2089 739 2180 opinor,
760 2088 905 2158 Lucullo
930 2087 1102 2178 defuncto)
1128 2087 1273 2154 Romam
1290 2081 1483 2150 revertitur.

260 2204 312 2273 Ibi
336 2227 396 2298 per
422 2205 541 2274 decem
565 2204 746 2275 continuos
767 2227 875 2272 annos
894 2203 1116 2272 Lucullorum
1132 2203 1301 2293 juvenum
1320 2196 1482 2287 hospitio,

259 2330 450 2389 ceterorum
482 2319 702 2411 optimatium
731 2319 976 2401 familiaritate,
1009 2315 1125 2402 donia,
1152 2312 1329 2384 beneficiis
1362 2310 1481 2392 utitur,

257 2436 345 2504 inter
359 2457 445 2528 quos
458 2435 661 2504 nominatim
677 2436 789 2504 afferri
805 2434 984 2503 videmus⁸
1000 2435 1040 2518 Q.
1058 2431 1234 2502 Metellum
1247 2427 1480 2501 Numidicum,

256 2551 483 2625 Lucullorum
506 2551 725 2632 avunculum,
752 2573 842 2619 anuo
868 2553 932 2620 655
957 2551 998 2618 ab
1021 2548 1141 2618 exsilio
1165 2553 1375 2626 revocatum,
1401 2558 1482 2610 mox

256 2668 330 2757 ejus
350 2664 457 2734 filium
474 2666 514 2748 Q.
533 2664 645 2749 Pium,
666 2664 707 2746 Q.
728 2664 904 2732 Lutatium
927 2664 1086 2732 Catulum
1103 2663 1332 2742 consularem,
1349 2657 1477 2727 filium·-

256 2804 321 2874 que
340 2779 494 2873 ejusdem
508 2780 671 2865 nominis,
693 2781 738 2851 M.
760 2773 946 2848 'Aemilium
968 2779 1148 2863 Scaurum,
1167 2777 1358 2874 principem
1379 2795 1477 2842 sena-

254 2906 323 2980 tus,
354 2897 394 2970 L.
425 2895 599 2965 Licinium
636 2897 810 2980 Crassum,
842 2918 960 2987 regem
989 2895 1211 2988 judiciorum,
1247 2892 1394 2983 denique
1429 2891 1476 2960 M.

253 3013 389 3082 Livium
424 3012 590 3095 Drusum,
627 3011 892 3082 celeberrimum
929 3012 975 3105 pl.
1015 3011 1211 3108 tribunum,
1239 3010 1284 3078 M.
1318 3009 1479 3081 Porcium

254 3128 431 3212 Catonem,
454 3126 526 3196 filio
551 3127 705 3198 Uticensi
730 3127 872 3212 clarum,
897 3127 958 3199 Cn.
985 3137 1019 3196 et
1034 3106 1087 3197 M.
1112 3126 1285 3212 Octavios,
1311 3125 1351 3194 L.
1378 3136 1411 3194 et
1434 3126 1474 3208 Q'.

252 3242 467 3312 Hortensios.
494 3243 538 3312 Hi
565 3251 676 3312 aetate
702 3244 850 3312 multum
876 3244 967 3311 inter
994 3265 1031 3311 se
1063 3242 1271 3321 differentes,
1296 3241 1475 3333 dignitate,

244 3341 462 3450 eloquentia,
483 3357 606 3428 studiis
626 3357 826 3426 liberalibus
843 3358 1014 3450 conjuncti
1030 3369 1138 3428 erant.
1160 3356 1354 3430 Nonnullos
1373 3359 1477 3440 ctiam

248 3473 385 3570 poetica
407 3473 553 3546 facultas
571 3473 753 3564 copulabat
773 3471 918 3540 Archiae
939 3493 947 3540 ε
969 3495 1051 3544 nam
1071 3482 1105 3541 et
1120 3471 1231 3542 Catuli
1250 3483 1385 3543 exstant
1408 3476 1475 3548 duo

250 3589 417 3659 amatoria
440 3588 689 3680 epigrammata
701 3589 725 3673 ⁴,
748 3595 781 3664 et
799 3587 1018 3670 Hortensius,
1035 3579 1196 3658 aemulus
1221 3589 1416 3677 Ciceronis,
1433 3591 1476 3662 iis

249 3705 382 3773 lusibus
404 3704 590 3773 indulsisse
607 3704 787 3772 traditur¹⁵.
806 3705 877 3772 Nec
895 3704 988 3772 solos
1002 3704 1186 3795 optimates
1203 3714 1321 3774 noster
1337 3707 1475 3775 assidue

228 3820 375 3923 ‘coluit3
404 3819 462 3914 qui
488 3823 540 3910 (ut
564 3820 605 3888 de
633 3819 798 3890 Cicerone
822 3841 932 3910 paene
956 3842 1064 3911 puero
1095 3830 1129 3889 et
1152 3821 1278 3890 Roscio
1309 3823 1475 3912 tragoedo

249 3936 382 4028 sileam)
393 3935 496 4003 etiam
510 3935 546 4004 C.
558 3935 901 4031 Marium,'plebeinm
913 3936 1028 4004 virum
1040 3936 1267 4008 etmilitarem
1283 3947 1317 4005 et
1333 3959 1352 4006 a
1366 3936 1474 4021 Musis

246 4052 553 4141 longemanum,
580 4051 750 4142 promisso
776 4050 928 4124 carmine
957 4050 992 4120 in
1017 4075 1072 4121 res
1096 4051 1169 4142 ejus
1195 4053 1383 4124 Cimbricas
1408 4052 1473 4121 sibi

283 4313 308 4368 1.
328 4311 398 4379 Cle,
415 4316 467 4368 Pro
483 4315 576 4380 Bulbo,
598 4314 687 4382 XXII,
703 4315 756 4380 50;
774 4315 952 4378 ProArcbic,
968 4307 1016 4384 IV,
1031 4319 1058 4374 6.

280 4396 307 4448 2.
330 4392 474 4466 Polybius,
489 4392 536 4460 Vl,
554 4411 610 4462 xiv,
624 4395 693 4462 7-.8;
709 4393 814 4463 Livius,
830 4395 930 4466 XXIX,
945 4398 990 4452 21.

280 4475 307 4530 3.
329 4475 382 4529 Pro
399 4473 514 4539 Archia,
532 4472 579 4542 IV,
595 4474 621 4530 6.
1241 4536 1245 4542 1

246 4554 308 4688 VI.
330 4551 444 4688 Giglion,
460 4553 535 4619 XIX,
555 4572 594 4621 nr,
616 4555 669 4620 14;
690 4553 759 4624 Cic,
776 4557 814 4610 De
835 4562 894 4613 not.
921 4557 1045 4627 deor.,1,
1067 4575 1161 4628 xxrrrr,
1181 4561 1226 4619 to.
1245 4561 1286 4622 Cf.
1303 4562 1388 4633 Ptin,
1404 4568 1471 4636 Ep„

273 4650 424 4782 binium,
438 4717 476 4772 Dc
492 4715 560 4785 linc.
578 4715 637 4782 lot,
650 4713 723 4785 VIII,
741 4715 774 4770 14
789 4731 796 4768 z
814 4717 976 4772 Hortensius
991 4721 1022 4778 tn
1033 4723 1182 4794 poemate.
1309 4692 1310 4696 ἵ
