3670 5634
855 669 1033 742 ..36-

334 843 508 938 provincia
521 844 668 937 propriis
683 842 821 913 conlidit
837 845 957 936 pennis
972 867 980 914 :
993 847 1096 914 modo
1111 844 1296 936 Pamphili,
1311 843 1415 913 modo
1428 844 1559 936 Anytes

335 963 487 1033 carmina
503 963 660 1032 imitatur
680 971 713 1030 et
729 961 868 1052 longius
886 961 1145 1033 circumducit¹.
1169 963 1289 1055 Neque
1312 962 1349 1030 in
1372 959 1559 1030 dedicatio-

336 1078 437 1146 nibus
451 1081 561 1170 maj0r
572 1079 717 1148 novitas.
733 1079 772 1147 In
786 1079 852 1147 hoc
873 1079 1162 1170 epigrammatum
1178 1101 1317 1168 genere,
1338 1099 1421 1148 sane
1436 1075 1559 1146 humili

334 1217 445 1286 neque
459 1193 537 1263 ideo
552 1195 746 1277 invenusto,
759 1215 840 1263 vere
856 1217 1004 1285 magnus
1021 1193 1152 1263 exstitit
1167 1194 1291 1263 artifex
1303 1193 1477 1263 Leonidas
1492 1193 1559 1262 Ta-

334 1309 502 1394 rentinus,
519 1309 612 1401 regis
628 1310 748 1401 Pyrrhi
767 1310 932 1402 aequalis,
958 1333 1060 1403 quem
1076 1333 1146 1380 non
1167 1310 1279 1402 inepte
1299 1308 1486 1400 pictoribus
1500 1307 1559 1401 qui

335 1435 519 1516 ῥωπόγραφοι
535 1427 716 1495 dicuntur¹
734 1427 858 1519 aliquis
876 1427 1076 1513 contulerit3
1094 1428 1187 1496 hunc
1201 1427 1381 1517 Antipater
1396 1422 1559 1496 Sidonius

333 1564 435 1634 saepe
450 1541 604 1610 imitatus
620 1551 683 1627 est,
701 1542 920 1635 Antipatrum
935 1543 1095 1612 Archias.
1116 1543 1173 1612 Sic
1188 1541 1402 1634 epigramma
1416 1545 1561 1610 Σάνδαλα

332 1675 419 1728 ταῦτα
446 1662 574 1742 Βίτωνα,
598 1657 633 1725 in
657 1667 820 1749 quattuor
841 1659 1079 1729 meretriculas
1095 1658 1222 1730 Veneri
1246 1657 1413 1726 mundum
1435 1657 1560 1754 mulie-

332 1773 427 1843 brem
451 1775 669 1858 ollerentesl,
697 1773 785 1843 nihil
810 1784 862 1844 est
884 1774 953 1843 nisi
978 1775 1122 1844 variatio
1148 1773 1311 1845 carminis
1335 1773 1557 1864 Antipatri⁸z

334 1893 475 1992 Σάνδριλα
497 1896 548 1975 μὲν
568 1894 603 1960 τὰ
621 1899 716 1960 ποδῶν
732 1899 897 1981 astartae
912 1907 1002 1962 ταῦτα
1016 1895 1143 1962 Blavia.
1162 1891 1249 1960 Ecce
1267 1890 1368 1959 aliam
1385 1889 1557 1972 tabellam,

332 2004 412 2074 huic
437 2006 631 2098 Venereae
650 2004 905 2098 quodammodo
935 2007 1140 2099 oppositam,
1171 2029 1259 2099 quae
1288 2015 1400 2074 castas
1427 2006 1560 2096 puellas

332 2118 476 2204 inducit,
489 2121 572 2222 artis
582 2121 737 2191 lanificae
749 2122 978 2192 instrumenta
990 2123 1163 2193 Minervae
1175 2123 1360 2214 ponentes⁵
1372 2140 1380 2190 ε
1390 2124 1430 2192 At
1440 2130 1557 2212 spissat,

333 2236 766 2330 Eartpnre...lbiAntipatri
775 2239 867 2330 quod
877 2239 1213 2329 suspicorexstitisse
1225 2238 1400 2328 exemplar
1412 2222 1557 2317 interiit,

334 2353 405 2446 sed,
420 2361 556 2443 praeter
571 2353 726 2439 nomina,
743 2353 815 2422 fere
832 2355 950 2422 omnia
969 2353 1173 2447 deprompta
1191 2354 1353 2422 videntur
1371 2375 1415 2420 ex
1433 2351 1558 2420 Leoni-

333 2467 395 2535 dae
418 2467 665 2558 epigrammate
691 2468 784 2560 quod
808 2467 952 2560 incipitl
975 2493 983 2539 :
1007 2472 1174 2557 Αὐτονόμα,
1197 2473 1353 2554 Mettica,
1378 2472 1556 2538 Βοΐσκιον...

333 2583 448 2652 Etiam
463 2583 644 2674 Phiutylus
659 2583 811 2674 piscator
824 2585 1015 2654 Arabianus
1028 2597 1037 2628 ⁷
1053 2586 1286 2678 Diophantum
1302 2584 1559 2652 Leonidaeum⁸

334 2697 585 2789 propemodum
605 2699 721 2784 refert,
740 2700 897 2792 quamvis
919 2699 975 2770 hic
991 2701 1211 2786 Mercurium,
1228 2701 1299 2785 ille,
1316 2709 1355 2772 ut
1375 2699 1557 2783 recentior,

336 2813 498 2903 Priapum
528 2815 675 2886 invocet.
708 2817 758 2884 De
788 2816 897 2886 tribus
924 2817 1087 2886 fratribus
1115 2818 1335 2888 venatoribus
1356 2821 1428 2910 jam
1457 2839 1561 2909 supra

337 2953 450 2998 sermo
473 2929 556 3014 fuit3
579 2953 682 3023 quam
701 2932 895 3018 materiam,
917 2956 937 3003 a
954 2933 1108 3003 Leonida
1127 2933 1315 3015 inventam,
1342 2954 1463 3000 rursus
1482 2941 1560 3024 post

334 3037 553 3135 Antipatrum
567 3059 688 3137 quater
702 3048 845 3117 variavit
857 3050 1014 3119 Archias.
1030 3053 1146 3142 Neque
1162 3049 1227 3117 hoc
1240 3047 1323 3117 salis
1339 3048 1402 3116 fuit
1419 3068 1426 3116 :
1444 3070 1560 3116 recen-

334 3164 440 3232 tiores
463 3163 556 3232 enim
579 3174 701 3256 poetae
724 3166 850 3236 iterum
867 3176 969 3259 atque
985 3167 1109 3236 iterum
1128 3166 1283 3235 misellos
1299 3165 1420 3234 iratres
1438 3164 1473 3233 in
1489 3185 1561 3232 see·

333 3302 414 3347 nam
436 3279 570 3371 prodire
597 3292 783 3371 coegerunt
808 3295 1056 3374 servanturque
1076 3282 1113 3350 in
1134 3303 1269 3350 summa
1283 3280 1365 3349 Xlll
1390 3280 1560 3371 epigram-

334 3405 426 3463 mata
440 3384 569 3466 circuni
587 3396 673 3464 illud
688 3398 804 3467 thema
818 3399 970 3468 ludentia
981 3401 1006 3468 ⁹.
1022 3400 1185 3467 Attamen
1200 3398 1290 3465 ultor
1306 3396 1424 3465 aderet
1437 3397 1559 3465 Lucia-

333 3535 411 3596 nus,
447 3511 504 3602 qui
541 3522 592 3580 tot
627 3523 807 3604 poetarum
835 3537 961 3605 nugas,
995 3537 1161 3584 nauseam
1193 3511 1331 3581 tandem
1367 3521 1557 3592 moventes,

334 3626 506 3696 obseoena
519 3628 712 3698 imitatione
727 3629 937 3720 perstrinxit,
954 3653 1016 3721 pro
1036 3629 1146 3698 tribus
1162 3628 1293 3698 scilicet
1312 3627 1474 3697 fratribus
1489 3636 1558 3694 tres

334 3743 531 3814 meretrices
546 3743 754 3832 inducendo,
771 3745 873 3836 lenge
891 3747 1046 3817 diversae
1061 3745 1255 3815 venationis
1270 3743 1422 3837 praemia
1437 3742 1559 3834 Cythe-

369 3924 394 3978 1.
410 3924 496 3980 Anto.
512 3925 584 3992 Pet,
598 3923 658 3993 Vll,
675 3925 728 3981 213
747 3925 886 3998 (Archiae)
897 3951 927 3982 =
939 3925 1001 3995 Vll,
1015 3927 1066 3984 201
1084 3923 1259 4000 (Pamphili);
1275 3921 1337 3992 Vll,
1351 3923 1405 3979 all
1421 3921 1559 3996 (Arabiae)

333 4002 436 4066 :Vll‚
446 4005 499 4060 215
513 4005 655 4078 (Anytes).

367 4083 395 4140 2.
411 4081 528 4155 Plinius,
543 4085 616 4142 Hist.
632 4093 706 4155 not,
720 4087 835 4156 XXXV,
850 4087 896 4146 37.

367 4165 395 4219 3.
412 4165 499 4219 Antb.
514 4166 590 4232 rat,
605 4165 653 4239 Vl,
668 4169 731 4227 207.

367 4245 396 4300 4.
410 4243 458 4306 vl,
473 4246 537 4304 206.

367 4325 394 4379 5.
412 4321 457 4392 Vl,
472 4325 518 4384 39.

366 4404 394 4458 6.
411 4401 459 4471 Vl,
478 4406 542 4460 289.

366 4484 394 4541 7.
410 4483 457 4552 Vl,
475 4485 538 4543 192.

367 4566 395 4620 8.
414 4563 461 4631 Vl,
477 4566 503 4622 l.

365 4645 394 4699 9.
412 4642 458 4710 Vl,
475 4648 503 4700 ll
522 4646 659 4721 (Satyriit,
675 4649 709 4705 12
727 4647 858 4722 (tuliani),
881 4653 914 4708 13
934 4651 1102 4726 (Leonidae),
1124 4655 1157 4710 14
1178 4653 1349 4727 (Antipatri),
1373 4657 1407 4712 15
1422 4653 1560 4726 (ejusdem

331 4723 373 4780 vel
397 4724 515 4797 Zosimi),
541 4726 585 4795 16,
604 4729 719 4785 tte-181
743 4729 890 4802 (Archiae),
913 4735 963 4789 182
985 4733 1140 4803 (Alexandri
1165 4733 1325 4806 Magnetis),
1351 4736 1432 4791 l83-5
1447 4732 1560 4804 (Zosimi

331 4803 447 4878 Thasii),
464 4807 516 4863 186
530 4808 602 4880 (lulli
615 4808 740 4881 Dioclis),
761 4811 812 4867 187
827 4812 954 4884 (Alcaei).
