3670 5634
788 619 965 694 ...Η-

263 795 410 865 Archiae
440 817 581 865 carmen
603 819 675 865 non
698 808 769 866 tam
794 800 984 886 Μιθριδατικὰ
1008 795 1115 864 fuisse
1139 815 1244 886 quam
1265 797 1485 882 Aoonooltlnni,

263 922 336 995 aut,
353 923 391 980 ut
402 912 475 1002 ipse
491 912 539 980 ait
553 911 683 997 Cicero,
698 935 861 1004 praecum
870 934 994 1003 poema
1008 909 1157 980 Lucullis
1171 910 1342 978 conditum
1352 921 1381 992 ¹;
1396 908 1487 1000 quod

262 1021 1484 1120 igiturTheophanesMitylenaeusprosaorationePompeiopraestitit,
1553 1069 1556 1075 -

263 1143 297 1209 id
312 1144 433 1211 eodem
454 1153 607 1240 tempore
627 1143 775 1212 Archias
791 1141 1034 1212 Antiochensis
1050 1141 1207 1212 versibus
1228 1141 1309 1210 lecit
1328 1137 1484 1208 Lucullo.

263 1258 426 1328 Ceterum
440 1268 475 1328 et
491 1260 595 1327 latine
609 1259 778 1351 quosdam
793 1257 971 1351 scripsisse
984 1259 1021 1328 in
1035 1257 1174 1328 laudem
1185 1255 1322 1327 Luculli
1337 1279 1379 1324 ex
1395 1255 1489 1324 Cice

263 1395 347 1443 rone
364 1375 609 1466 comperimus,
632 1375 705 1444 sive
725 1374 879 1444 earmina
897 1397 939 1444 ea
955 1375 1092 1459 fuerint,
1111 1375 1183 1443 sive
1201 1372 1364 1442 historiae
1376 1371 1407 1454 ²;
1428 1369 1488 1438 sed

263 1490 410 1558 Archiae
435 1491 530 1582 operi
550 1500 685 1584 praeter
705 1500 818 1560 cetera
836 1491 923 1561 illud
941 1489 1087 1585 pretium
1114 1489 1256 1574 addidit,
1279 1485 1371 1581 quod
1387 1496 1489 1579 poeta

263 1627 318 1673 res
338 1629 361 1674 a
381 1629 417 1674 se
441 1607 516 1698 ipso
540 1616 741 1698 conspectas
765 1605 959 1697 scripserat,
985 1607 1109 1699 quippe
1129 1605 1188 1697 qui
1212 1605 1274 1672 toti
1293 1603 1372 1672 huic
1396 1602 1486 1672 bello

263 1721 480 1808 Luculliano,
499 1732 538 1791 ut
552 1745 655 1814 supra
669 1721 832 1809 vidimus,
853 1721 889 1791 in
906 1723 982 1814 ipsa
995 1723 1135 1793 cohorte
1152 1719 1368 1811 imperatoris
1383 1717 1488 1786 inter-

262 1835 396 1905 fuisset.

306 2056 417 2137 XVII.
443 2067 521 2136 Jam
537 2089 580 2136 ox
599 2067 658 2136 illo
677 2083 780 2160 quem
796 2087 900 2159 supra
920 2067 1019 2137 attuli
1038 2066 1213 2138 Ciceronis
1228 2067 1305 2135 loco
1323 2065 1486 2135 discimus

209 2211 213 2215 ·
263 2203 402 2250 carmen
418 2181 566 2251 Archiae
590 2183 627 2252 in
648 2183 764 2275 pluras
786 2173 894 2252 libros
916 2184 1023 2252 fuisse
1048 2183 1216 2266 divisum;
1240 2182 1304 2250 hos
1325 2193 1488 2274 quattuor

262 2295 368 2364 fuisse
392 2319 549 2381 numero,
570 2319 636 2368 neo
654 2299 815 2390 amplius,
838 2298 995 2367 arbitror.
1018 2297 1242 2366 Alexandrini
1267 2297 1359 2384 eninr
1384 2298 1483 2390 epici,

263 2431 409 2504 quorum
444 2433 577 2482 morem
607 2414 753 2484 Archias
786 2415 977 2484 servavisse
1008 2413 1153 2498 videtur,
1192 2412 1257 2504 ipsi
1290 2413 1486 2482 Aristotelis

262 2529 498 2598 auctoritatem
514 2530 623 2598 secuti
635 2531 658 2615 ³,
677 2542 882 2622 argumenta
895 2553 958 2599 sua
970 2528 1226 2618 angustioribus
1240 2528 1366 2596 finibus
1382 2553 1486 2620 quam

261 2655 392 2714 veteres
405 2644 629 2732 incluserunt,
642 2647 679 2714 in
689 2647 898 2715 carminibus
909 2640 1058 2714 heroicis
1068 2643 1267 2734 tetralogias
1275 2644 1434 2733 tragicas,
1448 2661 1488 2720 ut

262 2759 497 2852 amplitudine,
514 2761 563 2829 ita
586 2761 833 2859 quadripertita
854 2761 1025 2831 divisione
1049 2762 1250 2852 plerumque
1268 2760 1392 2828 imitati
1410 2783 1417 2828 :
1436 2761 1486 2830 sic

261 2875 438 2966 Apollonii
457 2875 584 2945 Rhodii
604 2879 837 2969 Arpouuuticu
851 2888 1013 2969 quattuor
1030 2876 1128 2945 libris
1148 2876 1378 2958 continentur,
1398 2899 1485 2966 quo-

261 3012 338 3058 rum
361 2991 600 3084 unusquisque
625 2993 861 3082 magnitudine
889 2993 977 3062 duos
996 2993 1137 3060 Homeri
1155 2991 1274 3075 libros,
1300 2991 1357 3059 vel
1380 3013 1485 3058 unam
1581 3067 1585 3073 ⁴

261 3105 435 3198 Euripidis
459 3108 683 3200 tragoediam,
707 3109 916 3201 aequiparat.
943 3109 1018 3177 Hoc
1042 3099 1107 3177 sihi
1126 3107 1301 3198 exemplar
1323 3106 1483 3176 Archiam

249 3222 482 3313 proposuisse
516 3246 557 3294 eo
587 3225 698 3316 magis
722 3224 872 3311 credam,
898 3224 989 3316 quod
1012 3222 1128 3292 fabula
1153 3223 1195 3292 ab
1219 3245 1261 3292 eo
1286 3232 1430 3291 tractata
1450 3222 1485 3290 in

261 3339 384 3408 iisdem
402 3340 472 3408 fere
493 3339 580 3408 locis
598 3363 702 3430 quarn
724 3340 960 3433 Argonautica
982 3350 1081 3432 gesta
1104 3348 1189 3420 erat,
1212 3360 1346 3406 necnon
1370 3359 1486 3406 rerum

260 3466 434 3544 gestarum
459 3455 559 3547 quasi
584 3456 775 3526 similitudo
799 3457 969 3548 quaedam
991 3455 1217 3524 intercidebat
1241 3453 1485 3524 :Mithridates

260 3569 352 3637 enim
375 3591 396 3637 a
421 3569 586 3638 Cicerone
611 3570 787 3662 aptissime
815 3593 894 3640 cum
918 3569 1039 3641 Medea
1064 3570 1249 3654 confertur,
1274 3569 1401 3660 quippe
1425 3567 1484 3660 qui

259 3707 379 3753 aarum
399 3686 501 3776 (sicut
521 3686 582 3754 illa
603 3685 718 3755 fratris
742 3687 795 3754 sui
817 3686 984 3777 membra)
1005 3686 1144 3777 fugiens
1164 3683 1393 3775 dissipaverit,
1415 3706 1483 3775 quo

259 3800 384 3869 melius
414 3800 603 3869 retardaret
628 3813 906 3894 persequentes⁴.
938 3803 1120 3870 Praeterea
1150 3823 1193 3869 ex
1218 3801 1291 3892 ipso
1320 3799 1483 3869 carminis

258 3925 455 4008 conspectu,
481 3939 584 4007 quem
607 3917 757 4006 legimus
783 3919 873 4010 apud
900 3918 1113 3999 Ciceronem,
1141 3915 1349 4005 intelligenti
1375 3937 1484 4008 pauca

257 4053 422 4101 numerus
449 4031 616 4102 librorum
641 4055 681 4102 ao
709 4055 827 4102 rerum
850 4033 1046 4104 distributio
1077 4032 1161 4102 satis
1194 4033 1341 4101 elucent.
1373 4031 1484 4103 Verba

290 4266 317 4322 l.
338 4269 385 4324 Act
397 4270 471 4335 Act„
487 4267 508 4336 I,
524 4285 580 4335 xvv,
597 4269 645 4326 15,

288 4349 315 4406 2.
332 4349 421 4404 Acod.
440 4351 543 4419 priua,
567 4345 600 4413 ΙΙ,
631 4367 661 4421 u,
682 4349 717 4404 4:
738 4348 794 4404 Sed
812 4365 882 4421 quac
903 4349 1040 4421 populari
1061 4349 1151 4420 clorio
1173 4347 1297 4404 decorari
1317 4349 1348 4403 in
1370 4347 1482 4404 Lucullo
1590 4379 1594 4386 ·

254 4426 417 4498 debuerunt,
431 4445 462 4484 co
472 4429 532 4500 sere
547 4433 610 4485 sunt
624 4436 648 4484 et
661 4432 767 4498 praecis
780 4430 1023 4486 littertscelebrctc
1036 4437 1062 4484 ct
1074 4431 1179 4485 latinis.
1432 4499 1434 4506 γ

288 4509 315 4566 3,
334 4507 460 4577 Αιίεῑοῖ.,
476 4511 561 4576 Ροθΐ.,
579 4508 679 4578 XXIV,
694 4509 713 4563 5
731 4527 738 4563 :
757 4509 879 4560 δύνασθαι
898 4513 936 4561 δεῖ
955 4513 1109 4576 συνορᾰσθαι
1128 4506 1171 4572 τὴν
1192 4503 1271 4574 ἀρχὴν
1291 4510 1335 4559 καὶ
1355 4509 1383 4558 τὸ
1402 4508 1480 4564 τέλος.

253 4587 303 4650 Εἴη
319 4587 339 4640 δ’
352 4587 381 4639 ἂν
401 4595 485 4650 τοῦτο,
501 4584 522 4639 εἱ
541 4597 589 4640 τῶν
610 4588 652 4653 μὲν
673 4589 786 4656 ἀρχαίων
806 4585 922 4648 ἐλάττους
942 4591 967 4640 αἱ
990 4589 1123 4648 συστάσεις
1142 4589 1201 4648 clav,
1216 4589 1278 4653 πρὸς
1296 4588 1322 4640 δὲ
1340 4589 1369 4638 τὸ
1389 4591 1482 4652 πλῆθος

253 4675 303 4718 τῶν
315 4670 463 4734 τραγῳδιῶν
475 4675 524 4719 τῶν
539 4663 573 4726 εἷς
588 4667 645 4731 μίαν
659 4669 782 4735 ἁκροάσιν
796 4669 928 4733 τιθεμένων
943 4667 1090 4736 sapimus.

290 4748 316 4805 t.
329 4749 382 4802 Pro
396 4747 453 4818 tcpc
468 4748 594 4816 Μαιιίὶίσ,
611 4747 657 4818 lX,
673 4749 718 4803 22.
